|j|☆benveni
|j|☆wyc2333
|player|p1|benveni|170
|player|p2|wyc2333|266
|teamsize|p1|6
|teamsize|p2|6
|gametype|singles
|gen|1
|tier|[Gen 1] OU
|rated|
|rule|Sleep Clause Mod: Limit one foe put to sleep
|rule|Freeze Clause Mod: Limit one foe frozen
|rule|Species Clause: Limit one of each Pokémon
|rule|OHKO Clause: OHKO moves are banned
|rule|Evasion Moves Clause: Evasion moves are banned
|rule|HP Percentage Mod: HP is shown in percentages
|
|start
|switch|p1a: Jynx|Jynx|333/333
|switch|p2a: Starmie|Starmie|323/323
|turn|1
|inactive|Battle timer is ON: inactive players will automatically lose when time's up. (requested by wyc2333)
|
|move|p2a: Starmie|Thunder Wave|p1a: Jynx
|-status|p1a: Jynx|par
|move|p1a: Jynx|Lovely Kiss|p2a: Starmie
|-status|p2a: Starmie|slp|[from] move: Lovely Kiss
|
|upkeep
|turn|2
|c|☆benveni|hf gl
|c|☆wyc2333|u2
|
|switch|p1a: Tauros|Tauros|353/353
|-curestatus|p2a: Starmie|slp|[msg]
|
|upkeep
|turn|3
|
|switch|p1a: Chansey|Chansey|703/703
|move|p2a: Starmie|Thunder Wave|p1a: Chansey
|-status|p1a: Chansey|par
|
|upkeep
|turn|4
|
|move|p2a: Starmie|Psychic|p1a: Chansey
|-damage|p1a: Chansey|608/703 par
|move|p1a: Chansey|Reflect|p1a: Chansey
|-start|p1a: Chansey|Reflect
|
|upkeep
|turn|5
|
|move|p2a: Starmie|Psychic|p1a: Chansey
|-damage|p1a: Chansey|501/703 par
|-unboost|p1a: Chansey|spd|1
|-unboost|p1a: Chansey|spa|1
|move|p1a: Chansey|Thunderbolt|p2a: Starmie
|-supereffective|p2a: Starmie
|-damage|p2a: Starmie|215/323
|
|upkeep
|turn|6
|
|switch|p2a: Snorlax|Snorlax|523/523
|move|p1a: Chansey|Thunderbolt|p2a: Snorlax
|-crit|p2a: Snorlax
|-damage|p2a: Snorlax|324/523
|
|upkeep
|turn|7
|
|switch|p2a: Chansey|Chansey|703/703
|move|p1a: Chansey|Soft-Boiled|p1a: Chansey
|-heal|p1a: Chansey|703/703 par
|
|upkeep
|turn|8
|
|move|p2a: Chansey|Thunderbolt|p1a: Chansey
|-damage|p1a: Chansey|598/703 par
|move|p1a: Chansey|Ice Beam|p2a: Chansey
|-damage|p2a: Chansey|653/703
|
|upkeep
|turn|9
|
|switch|p2a: Starmie|Starmie|215/323
|cant|p1a: Chansey|par
|
|upkeep
|turn|10
|
|move|p2a: Starmie|Psychic|p1a: Chansey
|-damage|p1a: Chansey|433/703 par
|move|p1a: Chansey|Thunderbolt|p2a: Starmie
|-supereffective|p2a: Starmie
|-damage|p2a: Starmie|117/323
|
|upkeep
|turn|11
|
|switch|p2a: Tauros|Tauros|353/353
|move|p1a: Chansey|Thunderbolt|p2a: Tauros
|-damage|p2a: Tauros|288/353
|
|upkeep
|turn|12
|
|move|p2a: Tauros|Body Slam|p1a: Chansey
|-damage|p1a: Chansey|294/703 par
|move|p1a: Chansey|Soft-Boiled|p1a: Chansey
|-heal|p1a: Chansey|645/703 par
|
|upkeep
|turn|13
|
|move|p2a: Tauros|Body Slam|p1a: Chansey
|-damage|p1a: Chansey|514/703 par
|cant|p1a: Chansey|par
|
|upkeep
|turn|14
|
|move|p2a: Tauros|Body Slam|p1a: Chansey
|-damage|p1a: Chansey|377/703 par
|move|p1a: Chansey|Ice Beam|p2a: Tauros
|-damage|p2a: Tauros|229/353
|
|upkeep
|turn|15
|
|move|p2a: Tauros|Body Slam|p1a: Chansey
|-crit|p1a: Chansey
|-damage|p1a: Chansey|0 fnt
|faint|p1a: Chansey
|
|switch|p1a: Snorlax|Snorlax|523/523
|turn|16
|
|switch|p2a: Exeggutor|Exeggutor|393/393
|move|p1a: Snorlax|Reflect|p1a: Snorlax
|-start|p1a: Snorlax|Reflect
|
|upkeep
|turn|17
|
|switch|p1a: Jynx|Jynx|333/333 par
|move|p2a: Exeggutor|Sleep Powder|p1a: Jynx
|-fail|p1a: Jynx
|
|upkeep
|turn|18
|
|switch|p2a: Starmie|Starmie|117/323
|move|p1a: Jynx|Lovely Kiss|p2a: Starmie
|-status|p2a: Starmie|slp|[from] move: Lovely Kiss
|
|upkeep
|turn|19
|
|switch|p2a: Chansey|Chansey|653/703
|switch|p1a: Tauros|Tauros|353/353
|
|upkeep
|turn|20
|
|move|p1a: Tauros|Body Slam|p2a: Chansey
|-damage|p2a: Chansey|379/703
|move|p2a: Chansey|Thunder Wave|p1a: Tauros
|-status|p1a: Tauros|par
|
|upkeep
|turn|21
|
|move|p2a: Chansey|Soft-Boiled|p2a: Chansey
|-heal|p2a: Chansey|703/703
|move|p1a: Tauros|Body Slam|p2a: Chansey
|-damage|p2a: Chansey|452/703
|
|upkeep
|turn|22
|
|switch|p2a: Snorlax|Snorlax|324/523
|move|p1a: Tauros|Body Slam|p2a: Snorlax
|-damage|p2a: Snorlax|192/523
|
|upkeep
|turn|23
|
|move|p2a: Snorlax|Self-Destruct|p1a: Tauros
|-damage|p1a: Tauros|46/353 par
|faint|p2a: Snorlax
|
|switch|p2a: Tauros|Tauros|229/353
|turn|24
|
|switch|p1a: Slowbro|Slowbro|393/393
|move|p2a: Tauros|Body Slam|p1a: Slowbro
|-damage|p1a: Slowbro|299/393
|-status|p1a: Slowbro|par
|
|upkeep
|turn|25
|
|switch|p2a: Chansey|Chansey|452/703
|move|p1a: Slowbro|Thunder Wave|p2a: Chansey
|-status|p2a: Chansey|par
|
|upkeep
|turn|26
|
|move|p2a: Chansey|Thunderbolt|p1a: Slowbro
|-supereffective|p1a: Slowbro
|-damage|p1a: Slowbro|106/393 par
|move|p1a: Slowbro|Amnesia|p1a: Slowbro
|-boost|p1a: Slowbro|spd|2
|-boost|p1a: Slowbro|spa|2
|
|upkeep
|turn|27
|
|cant|p1a: Slowbro|par
|move|p2a: Chansey|Thunderbolt|p1a: Slowbro
|-supereffective|p1a: Slowbro
|-damage|p1a: Slowbro|23/393 par
|
|upkeep
|turn|28
|
|move|p1a: Slowbro|Rest|p1a: Slowbro
|-status|p1a: Slowbro|slp|[from] move: Rest
|-heal|p1a: Slowbro|393/393 slp|[silent]
|move|p2a: Chansey|Thunderbolt|p1a: Slowbro
|-supereffective|p1a: Slowbro
|-damage|p1a: Slowbro|299/393 slp
|
|upkeep
|turn|29
|
|cant|p1a: Slowbro|slp
|move|p2a: Chansey|Thunderbolt|p1a: Slowbro
|-supereffective|p1a: Slowbro
|-damage|p1a: Slowbro|214/393 slp
|
|upkeep
|turn|30
|
|-curestatus|p1a: Slowbro|slp|[msg]
|move|p2a: Chansey|Thunder Wave|p1a: Slowbro
|-status|p1a: Slowbro|par
|
|upkeep
|turn|31
|
|move|p2a: Chansey|Thunderbolt|p1a: Slowbro
|-supereffective|p1a: Slowbro
|-damage|p1a: Slowbro|127/393 par
|cant|p1a: Slowbro|par
|
|upkeep
|turn|32
|
|move|p2a: Chansey|Thunderbolt|p1a: Slowbro
|-crit|p1a: Slowbro
|-supereffective|p1a: Slowbro
|-damage|p1a: Slowbro|0 fnt
|faint|p1a: Slowbro
|
|switch|p1a: Snorlax|Snorlax|523/523
|turn|33
|
|switch|p2a: Exeggutor|Exeggutor|393/393
|move|p1a: Snorlax|Hyper Beam|p2a: Exeggutor
|-damage|p2a: Exeggutor|176/393
|-mustrecharge|p1a: Snorlax
|
|upkeep
|turn|34
|
|move|p2a: Exeggutor|Sleep Powder|p1a: Snorlax
|-status|p1a: Snorlax|slp|[from] move: Sleep Powder
|-hint|In Gen 1, if a Pokémon that has just used Hyper Beam and has yet to recharge is targeted with a sleep inducing move, any other status it may already have will be ignored and sleep will be induced regardless.
|-curestatus|p1a: Snorlax|slp|[msg]
|
|upkeep
|turn|35
|
|switch|p1a: Jynx|Jynx|333/333 par
|move|p2a: Exeggutor|Sleep Powder|p1a: Jynx
|-fail|p1a: Jynx
|
|upkeep
|turn|36
|
|switch|p2a: Chansey|Chansey|452/703 par
|cant|p1a: Jynx|par
|
|upkeep
|turn|37
|
|move|p1a: Jynx|Psychic|p2a: Chansey
|-damage|p2a: Chansey|347/703 par
|cant|p2a: Chansey|par
|
|upkeep
|turn|38
|
|move|p1a: Jynx|Psychic|p2a: Chansey
|-crit|p2a: Chansey
|-damage|p2a: Chansey|149/703 par
|cant|p2a: Chansey|par
|
|upkeep
|turn|39
|
|switch|p1a: Snorlax|Snorlax|523/523
|move|p2a: Chansey|Soft-Boiled|p2a: Chansey
|-heal|p2a: Chansey|500/703 par
|
|upkeep
|turn|40
|inactive|wyc2333 has 120 seconds left.
|
|move|p1a: Snorlax|Hyper Beam|p2a: Chansey
|-damage|p2a: Chansey|0 fnt
|faint|p2a: Chansey
|inactive|wyc2333 has 120 seconds left.
|
|switch|p2a: Exeggutor|Exeggutor|176/393
|turn|41
|inactive|wyc2333 has 120 seconds left.
|
|switch|p1a: Jynx|Jynx|333/333 par
|move|p2a: Exeggutor|Explosion|p1a: Jynx
|-damage|p1a: Jynx|0 fnt
|faint|p1a: Jynx
|faint|p2a: Exeggutor
|
|switch|p2a: Starmie|Starmie|117/323 slp
|switch|p1a: Jolteon|Jolteon|333/333
|turn|42
|
|move|p1a: Jolteon|Thunderbolt|p2a: Starmie
|-supereffective|p2a: Starmie
|-damage|p2a: Starmie|0 fnt
|faint|p2a: Starmie
|
|switch|p2a: Alakazam|Alakazam|313/313
|turn|43
|
|move|p1a: Jolteon|Thunder Wave|p2a: Alakazam
|-status|p2a: Alakazam|par
|move|p2a: Alakazam|Thunder Wave|p1a: Jolteon
|-status|p1a: Jolteon|par
|
|upkeep
|turn|44
|
|move|p1a: Jolteon|Sand Attack|p2a: Alakazam
|-unboost|p2a: Alakazam|accuracy|1
|cant|p2a: Alakazam|par
|
|upkeep
|turn|45
|
|switch|p1a: Tauros|Tauros|46/353 par
|cant|p2a: Alakazam|par
|
|upkeep
|turn|46
|
|move|p1a: Tauros|Hyper Beam|p2a: Alakazam
|-damage|p2a: Alakazam|58/313 par
|-mustrecharge|p1a: Tauros
|move|p2a: Alakazam|Psychic|p1a: Tauros|[miss]
|-miss|p2a: Alakazam
|
|upkeep
|turn|47
|
|cant|p1a: Tauros|recharge
|move|p2a: Alakazam|Psychic|p1a: Tauros
|-damage|p1a: Tauros|0 fnt
|faint|p1a: Tauros
|
|switch|p1a: Jolteon|Jolteon|333/333 par
|turn|48
|
|cant|p1a: Jolteon|par
|cant|p2a: Alakazam|par
|
|upkeep
|turn|49
|
|move|p1a: Jolteon|Thunderbolt|p2a: Alakazam
|-damage|p2a: Alakazam|0 fnt
|faint|p2a: Alakazam
|
|switch|p2a: Tauros|Tauros|229/353
|turn|50
|
|move|p2a: Tauros|Earthquake|p1a: Jolteon
|-crit|p1a: Jolteon
|-supereffective|p1a: Jolteon
|-damage|p1a: Jolteon|0 fnt
|faint|p1a: Jolteon
|
|switch|p1a: Snorlax|Snorlax|523/523
|turn|51
|
|move|p2a: Tauros|Blizzard|p1a: Snorlax
|-crit|p1a: Snorlax
|-damage|p1a: Snorlax|328/523
|move|p1a: Snorlax|Reflect|p1a: Snorlax
|-start|p1a: Snorlax|Reflect
|
|upkeep
|turn|52
|
|move|p2a: Tauros|Blizzard|p1a: Snorlax
|-damage|p1a: Snorlax|232/523
|move|p1a: Snorlax|Ice Beam|p2a: Tauros
|-damage|p2a: Tauros|156/353
|
|upkeep
|turn|53
|
|move|p2a: Tauros|Body Slam|p1a: Snorlax
|-crit|p1a: Snorlax
|-damage|p1a: Snorlax|0 fnt
|faint|p1a: Snorlax
|
|win|wyc2333
|c|☆benveni|gg
|raw|benveni's rating: 1393 &rarr; <strong>1379</strong><br />(-14 for losing)
|raw|wyc2333's rating: 1503 &rarr; <strong>1517</strong><br />(+14 for winning)
|c|☆wyc2333|gg
