|j|☆Honig
|j|☆starrank
|player|p1|Honig|107
|player|p2|starrank|285
|teamsize|p1|6
|teamsize|p2|6
|gametype|singles
|gen|1
|tier|[Gen 1] OU
|rated|
|rule|Sleep Clause Mod: Limit one foe put to sleep
|rule|Freeze Clause Mod: Limit one foe frozen
|rule|Species Clause: Limit one of each Pokémon
|rule|OHKO Clause: OHKO moves are banned
|rule|Evasion Moves Clause: Evasion moves are banned
|rule|HP Percentage Mod: HP is shown in percentages
|
|start
|switch|p1a: SingStar|Jynx|333/333
|switch|p2a: Alakazam|Alakazam|313/313
|turn|1
|inactive|Battle timer is ON: inactive players will automatically lose when time's up. (requested by starrank)
|
|move|p2a: Alakazam|Thunder Wave|p1a: SingStar
|-status|p1a: SingStar|par
|cant|p1a: SingStar|par
|
|upkeep
|turn|2
|
|move|p2a: Alakazam|Seismic Toss|p1a: SingStar
|-damage|p1a: SingStar|233/333 par
|move|p1a: SingStar|Lovely Kiss|p2a: Alakazam
|-status|p2a: Alakazam|slp|[from] move: Lovely Kiss
|
|upkeep
|turn|3
|
|switch|p2a: Chansey|Chansey|703/703
|move|p1a: SingStar|Body Slam|p2a: Chansey
|-damage|p2a: Chansey|582/703
|
|upkeep
|turn|4
|
|switch|p1a: Narwhale|Rhydon|413/413
|move|p2a: Chansey|Seismic Toss|p1a: Narwhale
|-damage|p1a: Narwhale|313/413
|
|upkeep
|turn|5
|
|move|p2a: Chansey|Ice Beam|p1a: Narwhale
|-supereffective|p1a: Narwhale
|-damage|p1a: Narwhale|76/413
|move|p1a: Narwhale|Body Slam|p2a: Chansey
|-damage|p2a: Chansey|361/703
|
|upkeep
|turn|6
|
|switch|p1a: SuperStar|Starmie|323/323
|move|p2a: Chansey|Ice Beam|p1a: SuperStar
|-resisted|p1a: SuperStar
|-damage|p1a: SuperStar|283/323
|-status|p1a: SuperStar|frz
|
|upkeep
|turn|7
|
|switch|p1a: Champignon|Machamp|383/383
|move|p2a: Chansey|Soft-Boiled|p2a: Chansey
|-heal|p2a: Chansey|703/703
|
|upkeep
|turn|8
|
|move|p1a: Champignon|Submission|p2a: Chansey
|-supereffective|p2a: Chansey
|-damage|p2a: Chansey|54/703
|-damage|p1a: Champignon|221/383|[from] Recoil|[of] p2a: Chansey
|move|p2a: Chansey|Thunder Wave|p1a: Champignon
|-status|p1a: Champignon|par
|
|upkeep
|turn|9
|
|switch|p2a: Exeggutor|Exeggutor|393/393
|cant|p1a: Champignon|par
|
|upkeep
|turn|10
|
|move|p2a: Exeggutor|Double-Edge|p1a: Champignon
|-damage|p1a: Champignon|135/383 par
|-damage|p2a: Exeggutor|372/393|[from] Recoil|[of] p1a: Champignon
|move|p1a: Champignon|Body Slam|p2a: Exeggutor
|-crit|p2a: Exeggutor
|-damage|p2a: Exeggutor|191/393
|-status|p2a: Exeggutor|par
|
|upkeep
|turn|11
|
|switch|p2a: Snorlax|Snorlax|523/523
|move|p1a: Champignon|Body Slam|p2a: Snorlax
|-damage|p2a: Snorlax|415/523
|
|upkeep
|turn|12
|
|move|p2a: Snorlax|Reflect|p2a: Snorlax
|-start|p2a: Snorlax|Reflect
|move|p1a: Champignon|Submission|p2a: Snorlax
|-supereffective|p2a: Snorlax
|-damage|p2a: Snorlax|278/523
|-damage|p1a: Champignon|101/383 par|[from] Recoil|[of] p2a: Snorlax
|
|upkeep
|turn|13
|
|move|p2a: Snorlax|Body Slam|p1a: Champignon
|-damage|p1a: Champignon|0 fnt
|faint|p1a: Champignon
|
|switch|p1a: Narwhale|Rhydon|76/413
|turn|14
|
|move|p1a: Narwhale|Hyper Beam|p2a: Snorlax
|-damage|p2a: Snorlax|192/523
|-mustrecharge|p1a: Narwhale
|move|p2a: Snorlax|Rest|p2a: Snorlax
|-status|p2a: Snorlax|slp|[from] move: Rest
|-heal|p2a: Snorlax|523/523 slp|[silent]
|
|upkeep
|turn|15
|
|cant|p1a: Narwhale|recharge
|cant|p2a: Snorlax|slp
|
|upkeep
|turn|16
|
|switch|p1a: TheEggWonder|Chansey|703/703
|-curestatus|p2a: Snorlax|slp|[msg]
|
|upkeep
|turn|17
|
|move|p1a: TheEggWonder|Thunder Wave|p2a: Snorlax
|-status|p2a: Snorlax|par
|move|p2a: Snorlax|Body Slam|p1a: TheEggWonder
|-crit|p1a: TheEggWonder
|-damage|p1a: TheEggWonder|160/703
|
|upkeep
|turn|18
|
|move|p1a: TheEggWonder|Soft-Boiled|p1a: TheEggWonder
|-heal|p1a: TheEggWonder|511/703
|move|p2a: Snorlax|Body Slam|p1a: TheEggWonder
|-damage|p1a: TheEggWonder|222/703
|
|upkeep
|turn|19
|
|move|p1a: TheEggWonder|Soft-Boiled|p1a: TheEggWonder
|-heal|p1a: TheEggWonder|573/703
|move|p2a: Snorlax|Body Slam|p1a: TheEggWonder
|-damage|p1a: TheEggWonder|282/703
|
|upkeep
|turn|20
|
|move|p1a: TheEggWonder|Reflect|p1a: TheEggWonder
|-start|p1a: TheEggWonder|Reflect
|cant|p2a: Snorlax|par
|
|upkeep
|turn|21
|
|move|p1a: TheEggWonder|Soft-Boiled|p1a: TheEggWonder
|-heal|p1a: TheEggWonder|633/703
|move|p2a: Snorlax|Body Slam|p1a: TheEggWonder
|-damage|p1a: TheEggWonder|478/703
|
|upkeep
|turn|22
|
|move|p1a: TheEggWonder|Seismic Toss|p2a: Snorlax
|-damage|p2a: Snorlax|423/523 par
|move|p2a: Snorlax|Body Slam|p1a: TheEggWonder
|-damage|p1a: TheEggWonder|343/703
|
|upkeep
|turn|23
|
|move|p1a: TheEggWonder|Seismic Toss|p2a: Snorlax
|-damage|p2a: Snorlax|323/523 par
|move|p2a: Snorlax|Body Slam|p1a: TheEggWonder
|-damage|p1a: TheEggWonder|203/703
|
|upkeep
|turn|24
|
|move|p1a: TheEggWonder|Soft-Boiled|p1a: TheEggWonder
|-heal|p1a: TheEggWonder|554/703
|move|p2a: Snorlax|Body Slam|p1a: TheEggWonder
|-damage|p1a: TheEggWonder|405/703
|
|upkeep
|turn|25
|
|move|p1a: TheEggWonder|Seismic Toss|p2a: Snorlax
|-damage|p2a: Snorlax|223/523 par
|move|p2a: Snorlax|Body Slam|p1a: TheEggWonder
|-damage|p1a: TheEggWonder|266/703
|
|upkeep
|turn|26
|
|switch|p2a: Chansey|Chansey|54/703
|move|p1a: TheEggWonder|Soft-Boiled|p1a: TheEggWonder
|-heal|p1a: TheEggWonder|617/703
|
|upkeep
|turn|27
|
|move|p1a: TheEggWonder|Seismic Toss|p2a: Chansey
|-damage|p2a: Chansey|0 fnt
|faint|p2a: Chansey
|
|switch|p2a: Starmie|Starmie|323/323
|turn|28
|
|move|p2a: Starmie|Thunder Wave|p1a: TheEggWonder
|-status|p1a: TheEggWonder|par
|move|p1a: TheEggWonder|Thunder Wave|p2a: Starmie
|-status|p2a: Starmie|par
|
|upkeep
|turn|29
|
|switch|p2a: Exeggutor|Exeggutor|191/393 par
|cant|p1a: TheEggWonder|par
|
|upkeep
|turn|30
|
|cant|p2a: Exeggutor|par
|move|p1a: TheEggWonder|Seismic Toss|p2a: Exeggutor
|-damage|p2a: Exeggutor|91/393 par
|
|upkeep
|turn|31
|
|move|p2a: Exeggutor|Explosion|p1a: TheEggWonder
|-damage|p1a: TheEggWonder|271/703 par
|faint|p2a: Exeggutor
|
|switch|p2a: Tauros|Tauros|353/353
|turn|32
|
|move|p2a: Tauros|Body Slam|p1a: TheEggWonder
|-damage|p1a: TheEggWonder|141/703 par
|move|p1a: TheEggWonder|Thunder Wave|p2a: Tauros
|-status|p2a: Tauros|par
|
|upkeep
|turn|33
|
|move|p2a: Tauros|Hyper Beam|p1a: TheEggWonder
|-damage|p1a: TheEggWonder|0 fnt
|faint|p1a: TheEggWonder
|
|switch|p1a: Narwhale|Rhydon|76/413
|turn|34
|
|move|p1a: Narwhale|Earthquake|p2a: Tauros
|-damage|p2a: Tauros|214/353 par
|move|p2a: Tauros|Blizzard|p1a: Narwhale
|-supereffective|p1a: Narwhale
|-damage|p1a: Narwhale|0 fnt
|faint|p1a: Narwhale
|
|switch|p1a: TheBoss|Tauros|353/353
|turn|35
|
|move|p1a: TheBoss|Body Slam|p2a: Tauros
|-crit|p2a: Tauros
|-damage|p2a: Tauros|4/353 par
|move|p2a: Tauros|Hyper Beam|p1a: TheBoss
|-damage|p1a: TheBoss|158/353
|-mustrecharge|p2a: Tauros
|
|upkeep
|turn|36
|
|move|p1a: TheBoss|Body Slam|p2a: Tauros
|-damage|p2a: Tauros|0 fnt
|faint|p2a: Tauros
|
|switch|p2a: Starmie|Starmie|323/323 par
|turn|37
|
|move|p1a: TheBoss|Body Slam|p2a: Starmie
|-damage|p2a: Starmie|207/323 par
|move|p2a: Starmie|Psychic|p1a: TheBoss
|-damage|p1a: TheBoss|34/353
|-unboost|p1a: TheBoss|spd|1
|-unboost|p1a: TheBoss|spa|1
|
|upkeep
|turn|38
|
|move|p1a: TheBoss|Hyper Beam|p2a: Starmie
|-damage|p2a: Starmie|0 fnt
|faint|p2a: Starmie
|
|switch|p2a: Snorlax|Snorlax|223/523 par
|turn|39
|
|move|p1a: TheBoss|Hyper Beam|p2a: Snorlax
|-crit|p2a: Snorlax
|-damage|p2a: Snorlax|0 fnt
|faint|p2a: Snorlax
|
|switch|p2a: Alakazam|Alakazam|313/313 slp
|turn|40
|
|cant|p2a: Alakazam|slp
|move|p1a: TheBoss|Hyper Beam|p2a: Alakazam|[miss]
|-miss|p1a: TheBoss
|
|upkeep
|turn|41
|
|cant|p2a: Alakazam|slp
|move|p1a: TheBoss|Hyper Beam|p2a: Alakazam
|-damage|p2a: Alakazam|44/313 slp
|-mustrecharge|p1a: TheBoss
|
|upkeep
|turn|42
|
|-curestatus|p2a: Alakazam|slp|[msg]
|cant|p1a: TheBoss|recharge
|
|upkeep
|turn|43
|
|move|p2a: Alakazam|Psychic|p1a: TheBoss
|-damage|p1a: TheBoss|0 fnt
|faint|p1a: TheBoss
|
|switch|p1a: SingStar|Jynx|233/333 par
|turn|44
|
|move|p2a: Alakazam|Recover|p2a: Alakazam
|-heal|p2a: Alakazam|200/313
|move|p1a: SingStar|Lovely Kiss|p2a: Alakazam
|-status|p2a: Alakazam|slp|[from] move: Lovely Kiss
|
|upkeep
|turn|45
|
|cant|p2a: Alakazam|slp
|move|p1a: SingStar|Psychic|p2a: Alakazam
|-resisted|p2a: Alakazam
|-damage|p2a: Alakazam|158/313 slp
|
|upkeep
|turn|46
|
|cant|p2a: Alakazam|slp
|move|p1a: SingStar|Body Slam|p2a: Alakazam
|-damage|p2a: Alakazam|91/313 slp
|
|upkeep
|turn|47
|
|cant|p2a: Alakazam|slp
|move|p1a: SingStar|Psychic|p2a: Alakazam
|-crit|p2a: Alakazam
|-resisted|p2a: Alakazam
|-damage|p2a: Alakazam|12/313 slp
|
|upkeep
|turn|48
|
|cant|p2a: Alakazam|slp
|move|p1a: SingStar|Body Slam|p2a: Alakazam
|-damage|p2a: Alakazam|0 fnt
|faint|p2a: Alakazam
|
|win|Honig
|l|☆starrank
