|j|☆starrank
|j|☆Honig
|player|p1|starrank|285
|player|p2|Honig|107
|teamsize|p1|6
|teamsize|p2|6
|gametype|singles
|gen|1
|tier|[Gen 1] OU
|rated|
|rule|Sleep Clause Mod: Limit one foe put to sleep
|rule|Freeze Clause Mod: Limit one foe frozen
|rule|Species Clause: Limit one of each Pokémon
|rule|OHKO Clause: OHKO moves are banned
|rule|Evasion Moves Clause: Evasion moves are banned
|rule|HP Percentage Mod: HP is shown in percentages
|
|start
|switch|p1a: Alakazam|Alakazam|313/313
|switch|p2a: SingStar|Jynx|333/333
|turn|1
|c|☆Honig|again ^^
|
|switch|p2a: TheEggWonder|Chansey|703/703
|move|p1a: Alakazam|Thunder Wave|p2a: TheEggWonder
|-status|p2a: TheEggWonder|par
|
|upkeep
|turn|2
|
|switch|p1a: Exeggutor|Exeggutor|393/393
|move|p2a: TheEggWonder|Thunder Wave|p1a: Exeggutor
|-status|p1a: Exeggutor|par
|
|upkeep
|turn|3
|c|☆starrank|gl hf
|
|move|p1a: Exeggutor|Double-Edge|p2a: TheEggWonder
|-damage|p2a: TheEggWonder|510/703 par
|-damage|p1a: Exeggutor|345/393 par|[from] Recoil|[of] p2a: TheEggWonder
|move|p2a: TheEggWonder|Reflect|p2a: TheEggWonder
|-start|p2a: TheEggWonder|Reflect
|
|upkeep
|turn|4
|
|move|p1a: Exeggutor|Double-Edge|p2a: TheEggWonder
|-damage|p2a: TheEggWonder|411/703 par
|-damage|p1a: Exeggutor|321/393 par|[from] Recoil|[of] p2a: TheEggWonder
|move|p2a: TheEggWonder|Seismic Toss|p1a: Exeggutor
|-damage|p1a: Exeggutor|221/393 par
|
|upkeep
|turn|5
|
|switch|p1a: Snorlax|Snorlax|523/523
|cant|p2a: TheEggWonder|par
|
|upkeep
|turn|6
|
|move|p1a: Snorlax|Reflect|p1a: Snorlax
|-start|p1a: Snorlax|Reflect
|move|p2a: TheEggWonder|Thunder Wave|p1a: Snorlax
|-status|p1a: Snorlax|par
|
|upkeep
|turn|7
|
|move|p2a: TheEggWonder|Soft-Boiled|p2a: TheEggWonder
|-heal|p2a: TheEggWonder|703/703 par
|move|p1a: Snorlax|Body Slam|p2a: TheEggWonder
|-crit|p2a: TheEggWonder
|-damage|p2a: TheEggWonder|151/703 par
|
|upkeep
|turn|8
|
|cant|p2a: TheEggWonder|par
|move|p1a: Snorlax|Body Slam|p2a: TheEggWonder
|-damage|p2a: TheEggWonder|3/703 par
|
|upkeep
|turn|9
|
|move|p2a: TheEggWonder|Soft-Boiled|p2a: TheEggWonder
|-heal|p2a: TheEggWonder|354/703 par
|cant|p1a: Snorlax|par
|
|upkeep
|turn|10
|
|cant|p2a: TheEggWonder|par
|move|p1a: Snorlax|Body Slam|p2a: TheEggWonder
|-crit|p2a: TheEggWonder
|-damage|p2a: TheEggWonder|0 fnt
|faint|p2a: TheEggWonder
|
|switch|p2a: Champignon|Machamp|383/383
|turn|11
|
|move|p2a: Champignon|Submission|p1a: Snorlax
|-supereffective|p1a: Snorlax
|-damage|p1a: Snorlax|386/523 par
|-damage|p2a: Champignon|349/383|[from] Recoil|[of] p1a: Snorlax
|move|p1a: Snorlax|Body Slam|p2a: Champignon
|-damage|p2a: Champignon|231/383
|
|upkeep
|turn|12
|
|move|p2a: Champignon|Submission|p1a: Snorlax
|-crit|p1a: Snorlax
|-supereffective|p1a: Snorlax
|-damage|p1a: Snorlax|0 fnt
|-damage|p2a: Champignon|135/383|[from] Recoil|[of] p1a: Snorlax
|faint|p1a: Snorlax
|
|switch|p1a: Alakazam|Alakazam|313/313
|turn|13
|
|switch|p2a: Narwhale|Rhydon|413/413
|move|p1a: Alakazam|Psychic|p2a: Narwhale
|-damage|p2a: Narwhale|191/413
|-unboost|p2a: Narwhale|spd|1
|-unboost|p2a: Narwhale|spa|1
|
|upkeep
|turn|14
|
|switch|p2a: SingStar|Jynx|333/333
|move|p1a: Alakazam|Psychic|p2a: SingStar
|-resisted|p2a: SingStar
|-damage|p2a: SingStar|262/333
|
|upkeep
|turn|15
|
|switch|p1a: Exeggutor|Exeggutor|221/393 par
|move|p2a: SingStar|Lovely Kiss|p1a: Exeggutor
|-fail|p1a: Exeggutor
|
|upkeep
|turn|16
|
|move|p2a: SingStar|Blizzard|p1a: Exeggutor
|-supereffective|p1a: Exeggutor
|-damage|p1a: Exeggutor|2/393 par
|cant|p1a: Exeggutor|par
|
|upkeep
|turn|17
|
|move|p2a: SingStar|Psychic|p1a: Exeggutor
|-crit|p1a: Exeggutor
|-resisted|p1a: Exeggutor
|-damage|p1a: Exeggutor|0 fnt
|faint|p1a: Exeggutor
|
|switch|p1a: Starmie|Starmie|323/323
|turn|18
|
|move|p1a: Starmie|Thunder Wave|p2a: SingStar
|-status|p2a: SingStar|par
|cant|p2a: SingStar|par
|
|upkeep
|turn|19
|
|switch|p1a: Alakazam|Alakazam|313/313
|move|p2a: SingStar|Lovely Kiss|p1a: Alakazam
|-status|p1a: Alakazam|slp|[from] move: Lovely Kiss
|
|upkeep
|turn|20
|
|switch|p1a: Starmie|Starmie|323/323
|switch|p2a: SuperStar|Starmie|323/323
|
|upkeep
|turn|21
|
|switch|p1a: Chansey|Chansey|703/703
|move|p2a: SuperStar|Thunder Wave|p1a: Chansey
|-status|p1a: Chansey|par
|
|upkeep
|turn|22
|
|switch|p2a: Narwhale|Rhydon|191/413
|move|p1a: Chansey|Thunder Wave|p2a: Narwhale
|-immune|p2a: Narwhale
|
|upkeep
|turn|23
|
|move|p2a: Narwhale|Earthquake|p1a: Chansey
|-damage|p1a: Chansey|336/703 par
|move|p1a: Chansey|Ice Beam|p2a: Narwhale
|-supereffective|p2a: Narwhale
|-damage|p2a: Narwhale|0 fnt
|faint|p2a: Narwhale
|
|switch|p2a: Champignon|Machamp|135/383
|turn|24
|
|switch|p1a: Starmie|Starmie|323/323
|move|p2a: Champignon|Body Slam|p1a: Starmie
|-damage|p1a: Starmie|242/323
|-status|p1a: Starmie|par
|
|upkeep
|turn|25
|
|move|p2a: Champignon|Earthquake|p1a: Starmie
|-damage|p1a: Starmie|142/323 par
|move|p1a: Starmie|Psychic|p2a: Champignon
|-supereffective|p2a: Champignon
|-damage|p2a: Champignon|0 fnt
|faint|p2a: Champignon
|
|switch|p2a: TheBoss|Tauros|353/353
|turn|26
|
|move|p2a: TheBoss|Hyper Beam|p1a: Starmie
|-damage|p1a: Starmie|0 fnt
|faint|p1a: Starmie
|
|switch|p1a: Chansey|Chansey|336/703 par
|turn|27
|
|switch|p1a: Alakazam|Alakazam|313/313 slp
|move|p2a: TheBoss|Hyper Beam|p1a: Alakazam
|-damage|p1a: Alakazam|42/313 slp
|-mustrecharge|p2a: TheBoss
|
|upkeep
|turn|28
|
|switch|p1a: Tauros|Tauros|353/353
|cant|p2a: TheBoss|recharge
|
|upkeep
|turn|29
|
|move|p2a: TheBoss|Body Slam|p1a: Tauros
|-damage|p1a: Tauros|252/353
|move|p1a: Tauros|Body Slam|p2a: TheBoss
|-damage|p2a: TheBoss|250/353
|
|upkeep
|turn|30
|
|move|p2a: TheBoss|Body Slam|p1a: Tauros
|-damage|p1a: Tauros|144/353
|move|p1a: Tauros|Body Slam|p2a: TheBoss
|-crit|p2a: TheBoss
|-damage|p2a: TheBoss|62/353
|
|upkeep
|turn|31
|
|switch|p1a: Alakazam|Alakazam|42/313 slp
|switch|p2a: SuperStar|Starmie|323/323
|
|upkeep
|turn|32
|
|switch|p1a: Chansey|Chansey|336/703 par
|switch|p2a: TheBoss|Tauros|62/353
|
|upkeep
|turn|33
|
|switch|p1a: Alakazam|Alakazam|42/313 slp
|move|p2a: TheBoss|Hyper Beam|p1a: Alakazam
|-damage|p1a: Alakazam|0 fnt
|faint|p1a: Alakazam
|
|switch|p1a: Tauros|Tauros|144/353
|turn|34
|
|move|p2a: TheBoss|Hyper Beam|p1a: Tauros|[miss]
|-miss|p2a: TheBoss
|move|p1a: Tauros|Body Slam|p2a: TheBoss
|-damage|p2a: TheBoss|0 fnt
|faint|p2a: TheBoss
|
|switch|p2a: SuperStar|Starmie|323/323
|turn|35
|
|move|p2a: SuperStar|Thunder Wave|p1a: Tauros
|-status|p1a: Tauros|par
|move|p1a: Tauros|Body Slam|p2a: SuperStar
|-damage|p2a: SuperStar|207/323
|-status|p2a: SuperStar|par
|
|upkeep
|turn|36
|
|move|p2a: SuperStar|Blizzard|p1a: Tauros
|-damage|p1a: Tauros|20/353 par
|cant|p1a: Tauros|par
|
|upkeep
|turn|37
|
|cant|p2a: SuperStar|par
|move|p1a: Tauros|Body Slam|p2a: SuperStar
|-damage|p2a: SuperStar|94/323 par
|
|upkeep
|turn|38
|
|move|p2a: SuperStar|Recover|p2a: SuperStar
|-heal|p2a: SuperStar|255/323 par
|move|p1a: Tauros|Body Slam|p2a: SuperStar
|-damage|p2a: SuperStar|141/323 par
|
|upkeep
|turn|39
|
|move|p2a: SuperStar|Thunderbolt|p1a: Tauros
|-damage|p1a: Tauros|0 fnt
|faint|p1a: Tauros
|
|switch|p1a: Chansey|Chansey|336/703 par
|turn|40
|
|move|p2a: SuperStar|Recover|p2a: SuperStar
|-heal|p2a: SuperStar|302/323 par
|move|p1a: Chansey|Seismic Toss|p2a: SuperStar
|-damage|p2a: SuperStar|202/323 par
|
|upkeep
|turn|41
|
|move|p2a: SuperStar|Blizzard|p1a: Chansey
|-damage|p1a: Chansey|242/703 par
|cant|p1a: Chansey|par
|
|upkeep
|turn|42
|
|move|p2a: SuperStar|Blizzard|p1a: Chansey
|-crit|p1a: Chansey
|-damage|p1a: Chansey|70/703 par
|move|p1a: Chansey|Soft-Boiled|p1a: Chansey
|-heal|p1a: Chansey|421/703 par
|
|upkeep
|turn|43
|
|move|p2a: SuperStar|Thunderbolt|p1a: Chansey
|-damage|p1a: Chansey|348/703 par
|move|p1a: Chansey|Seismic Toss|p2a: SuperStar
|-damage|p2a: SuperStar|102/323 par
|
|upkeep
|turn|44
|
|cant|p2a: SuperStar|par
|move|p1a: Chansey|Seismic Toss|p2a: SuperStar
|-damage|p2a: SuperStar|2/323 par
|
|upkeep
|turn|45
|
|move|p2a: SuperStar|Recover|p2a: SuperStar
|-heal|p2a: SuperStar|163/323 par
|move|p1a: Chansey|Seismic Toss|p2a: SuperStar
|-damage|p2a: SuperStar|63/323 par
|
|upkeep
|turn|46
|
|cant|p2a: SuperStar|par
|move|p1a: Chansey|Seismic Toss|p2a: SuperStar
|-damage|p2a: SuperStar|0 fnt
|faint|p2a: SuperStar
|
|switch|p2a: SingStar|Jynx|262/333 par
|turn|47
|
|move|p2a: SingStar|Body Slam|p1a: Chansey
|-crit|p1a: Chansey
|-damage|p1a: Chansey|118/703 par
|move|p1a: Chansey|Seismic Toss|p2a: SingStar
|-damage|p2a: SingStar|162/333 par
|
|upkeep
|turn|48
|
|move|p2a: SingStar|Body Slam|p1a: Chansey
|-damage|p1a: Chansey|5/703 par
|cant|p1a: Chansey|par
|
|upkeep
|turn|49
|
|move|p2a: SingStar|Body Slam|p1a: Chansey
|-damage|p1a: Chansey|0 fnt
|faint|p1a: Chansey
|
|win|Honig
|c|☆Honig|close
|c|☆Honig|very
