|j|☆chimlup
|j|☆Gringo44
|player|p1|chimlup|101
|player|p2|Gringo44|1
|teamsize|p1|6
|teamsize|p2|6
|gametype|singles
|gen|1
|tier|[Gen 1] OU
|rated|Tournament battle
|rule|Sleep Clause Mod: Limit one foe put to sleep
|rule|Freeze Clause Mod: Limit one foe frozen
|rule|Species Clause: Limit one of each Pokémon
|rule|OHKO Clause: OHKO moves are banned
|rule|Evasion Moves Clause: Evasion moves are banned
|rule|HP Percentage Mod: HP is shown in percentages
|
|start
|switch|p1a: Dragonite|Dragonite|385/385
|switch|p2a: Alakazam|Alakazam|313/313
|turn|1
|
|move|p2a: Alakazam|Thunder Wave|p1a: Dragonite
|-status|p1a: Dragonite|par
|move|p1a: Dragonite|Thunder Wave|p2a: Alakazam
|-status|p2a: Alakazam|par
|
|upkeep
|turn|2
|j| menaivan
|
|cant|p2a: Alakazam|par
|cant|p1a: Dragonite|par
|
|upkeep
|turn|3
|
|cant|p2a: Alakazam|par
|cant|p1a: Dragonite|par
|
|upkeep
|turn|4
|
|cant|p2a: Alakazam|par
|cant|p1a: Dragonite|par
|
|upkeep
|turn|5
|c|☆chimlup|xd
|
|move|p2a: Alakazam|Psychic|p1a: Dragonite
|-damage|p1a: Dragonite|244/385 par
|move|p1a: Dragonite|Thunderbolt|p2a: Alakazam
|-damage|p2a: Alakazam|249/313 par
|
|upkeep
|turn|6
|j| polybius proplayer
|j| Zoro8055
|
|move|p2a: Alakazam|Psychic|p1a: Dragonite
|-crit|p1a: Dragonite
|-damage|p1a: Dragonite|8/385 par
|move|p1a: Dragonite|Hyper Beam|p2a: Alakazam
|-damage|p2a: Alakazam|12/313 par
|-mustrecharge|p1a: Dragonite
|
|upkeep
|turn|7
|
|move|p2a: Alakazam|Recover|p2a: Alakazam
|-heal|p2a: Alakazam|168/313 par
|cant|p1a: Dragonite|recharge
|
|upkeep
|turn|8
|l| polybius proplayer
|
|move|p2a: Alakazam|Psychic|p1a: Dragonite
|-damage|p1a: Dragonite|0 fnt
|faint|p1a: Dragonite
|l| Zoro8055
|
|switch|p1a: Golem|Golem|363/363
|turn|9
|
|switch|p2a: Exeggutor|Exeggutor|393/393
|move|p1a: Golem|Hyper Beam|p2a: Exeggutor
|-crit|p2a: Exeggutor
|-damage|p2a: Exeggutor|140/393
|-mustrecharge|p1a: Golem
|
|upkeep
|turn|10
|
|move|p2a: Exeggutor|Psychic|p1a: Golem
|-damage|p1a: Golem|177/363
|-unboost|p1a: Golem|spd|1
|-unboost|p1a: Golem|spa|1
|cant|p1a: Golem|recharge
|
|upkeep
|turn|11
|j| Savage Cebolla
|
|switch|p1a: Exeggutor|Exeggutor|393/393
|move|p2a: Exeggutor|Psychic|p1a: Exeggutor
|-resisted|p1a: Exeggutor
|-damage|p1a: Exeggutor|341/393
|
|upkeep
|turn|12
|
|switch|p2a: Alakazam|Alakazam|168/313 par
|move|p1a: Exeggutor|Psychic|p2a: Alakazam
|-resisted|p2a: Alakazam
|-damage|p2a: Alakazam|122/313 par
|
|upkeep
|turn|13
|
|move|p1a: Exeggutor|Mega Drain|p2a: Alakazam
|-damage|p2a: Alakazam|75/313 par
|-heal|p1a: Exeggutor|364/393|[from] drain|[of] p2a: Alakazam
|move|p2a: Alakazam|Thunder Wave|p1a: Exeggutor
|-status|p1a: Exeggutor|par
|
|upkeep
|turn|14
|j|%sprinkles1
|
|move|p2a: Alakazam|Recover|p2a: Alakazam
|-heal|p2a: Alakazam|231/313 par
|move|p1a: Exeggutor|Mega Drain|p2a: Alakazam
|-damage|p2a: Alakazam|183/313 par
|-heal|p1a: Exeggutor|388/393 par|[from] drain|[of] p2a: Alakazam
|
|upkeep
|turn|15
|
|move|p2a: Alakazam|Recover|p2a: Alakazam
|-heal|p2a: Alakazam|313/313 par
|cant|p1a: Exeggutor|par
|
|upkeep
|turn|16
|inactive|Battle timer is ON: inactive players will automatically lose when time's up. (requested by Gringo44)
|
|move|p2a: Alakazam|Seismic Toss|p1a: Exeggutor
|-damage|p1a: Exeggutor|288/393 par
|move|p1a: Exeggutor|Mega Drain|p2a: Alakazam
|-damage|p2a: Alakazam|266/313 par
|-heal|p1a: Exeggutor|311/393 par|[from] drain|[of] p2a: Alakazam
|
|upkeep
|turn|17
|
|switch|p1a: Chansey|Chansey|703/703
|cant|p2a: Alakazam|par
|
|upkeep
|turn|18
|
|switch|p2a: Exeggutor|Exeggutor|140/393
|move|p1a: Chansey|Seismic Toss|p2a: Exeggutor
|-damage|p2a: Exeggutor|40/393
|
|upkeep
|turn|19
|
|move|p2a: Exeggutor|Sleep Powder|p1a: Chansey|[miss]
|-miss|p2a: Exeggutor
|move|p1a: Chansey|Seismic Toss|p2a: Exeggutor
|-damage|p2a: Exeggutor|0 fnt
|faint|p2a: Exeggutor
|
|switch|p2a: Snorlax|Snorlax|523/523
|turn|20
|
|switch|p1a: Gengar|Gengar|323/323
|move|p2a: Snorlax|Body Slam|p1a: Gengar
|-immune|p1a: Gengar
|
|upkeep
|turn|21
|
|switch|p2a: Alakazam|Alakazam|266/313 par
|move|p1a: Gengar|Toxic|p2a: Alakazam
|-fail|p2a: Alakazam
|
|upkeep
|turn|22
|
|switch|p1a: Chansey|Chansey|703/703
|move|p2a: Alakazam|Psychic|p1a: Chansey
|-damage|p1a: Chansey|567/703
|
|upkeep
|turn|23
|
|switch|p2a: Chansey|Chansey|703/703
|move|p1a: Chansey|Seismic Toss|p2a: Chansey
|-damage|p2a: Chansey|603/703
|
|upkeep
|turn|24
|
|move|p1a: Chansey|Seismic Toss|p2a: Chansey
|-damage|p2a: Chansey|503/703
|move|p2a: Chansey|Seismic Toss|p1a: Chansey
|-damage|p1a: Chansey|467/703
|
|upkeep
|turn|25
|
|move|p1a: Chansey|Soft-Boiled|p1a: Chansey
|-heal|p1a: Chansey|703/703
|move|p2a: Chansey|Thunder Wave|p1a: Chansey
|-status|p1a: Chansey|par
|
|upkeep
|turn|26
|
|switch|p1a: Gengar|Gengar|323/323
|move|p2a: Chansey|Seismic Toss|p1a: Gengar
|-damage|p1a: Gengar|223/323
|
|upkeep
|turn|27
|
|switch|p2a: Alakazam|Alakazam|266/313 par
|move|p1a: Gengar|Metronome|p1a: Gengar
|move|p1a: Gengar|Egg Bomb|p2a: Alakazam|[from]Metronome
|-damage|p2a: Alakazam|168/313 par
|
|upkeep
|turn|28
|j| alpha male psyduck
|
|switch|p1a: Chansey|Chansey|703/703 par
|move|p2a: Alakazam|Recover|p2a: Alakazam
|-heal|p2a: Alakazam|313/313 par
|
|upkeep
|turn|29
|
|switch|p2a: Chansey|Chansey|503/703
|move|p1a: Chansey|Seismic Toss|p2a: Chansey
|-damage|p2a: Chansey|403/703
|
|upkeep
|turn|30
|
|move|p2a: Chansey|Seismic Toss|p1a: Chansey
|-damage|p1a: Chansey|603/703 par
|move|p1a: Chansey|Seismic Toss|p2a: Chansey
|-damage|p2a: Chansey|303/703
|
|upkeep
|turn|31
|inactive|chimlup has 120 seconds left.
|
|switch|p1a: Gengar|Gengar|223/323
|move|p2a: Chansey|Soft-Boiled|p2a: Chansey
|-heal|p2a: Chansey|654/703
|
|upkeep
|turn|32
|inactive|chimlup has 120 seconds left.
|
|switch|p2a: Alakazam|Alakazam|313/313 par
|move|p1a: Gengar|Night Shade|p2a: Alakazam
|-damage|p2a: Alakazam|213/313 par
|
|upkeep
|turn|33
|inactive|chimlup has 120 seconds left.
|
|switch|p1a: Exeggutor|Exeggutor|311/393 par
|move|p2a: Alakazam|Thunder Wave|p1a: Exeggutor
|-fail|p1a: Exeggutor|par
|
|upkeep
|turn|34
|inactive|chimlup has 120 seconds left.
|
|switch|p2a: Chansey|Chansey|654/703
|move|p1a: Exeggutor|Mega Drain|p2a: Chansey
|-damage|p2a: Chansey|597/703
|-heal|p1a: Exeggutor|339/393 par|[from] drain|[of] p2a: Chansey
|
|upkeep
|turn|35
|
|move|p2a: Chansey|Thunder Wave|p1a: Exeggutor
|-fail|p1a: Exeggutor|par
|move|p1a: Exeggutor|Sleep Powder|p2a: Chansey
|-status|p2a: Chansey|slp|[from] move: Sleep Powder
|
|upkeep
|turn|36
|
|cant|p2a: Chansey|slp
|move|p1a: Exeggutor|Psychic|p2a: Chansey
|-crit|p2a: Chansey
|-damage|p2a: Chansey|367/703 slp
|
|upkeep
|turn|37
|
|switch|p2a: Snorlax|Snorlax|523/523
|move|p1a: Exeggutor|Psychic|p2a: Snorlax
|-damage|p2a: Snorlax|352/523
|-unboost|p2a: Snorlax|spd|1
|-unboost|p2a: Snorlax|spa|1
|
|upkeep
|turn|38
|
|move|p2a: Snorlax|Body Slam|p1a: Exeggutor
|-damage|p1a: Exeggutor|219/393 par
|move|p1a: Exeggutor|Psychic|p2a: Snorlax
|-damage|p2a: Snorlax|123/523
|
|upkeep
|turn|39
|
|switch|p1a: Gengar|Gengar|223/323
|move|p2a: Snorlax|Hyper Beam|p1a: Gengar
|-immune|p1a: Gengar
|
|upkeep
|turn|40
|
|switch|p2a: Alakazam|Alakazam|213/313 par
|move|p1a: Gengar|Toxic|p2a: Alakazam
|-fail|p2a: Alakazam
|
|upkeep
|turn|41
|
|switch|p1a: Exeggutor|Exeggutor|219/393 par
|cant|p2a: Alakazam|par
|
|upkeep
|turn|42
|
|move|p2a: Alakazam|Recover|p2a: Alakazam
|-heal|p2a: Alakazam|313/313 par
|move|p1a: Exeggutor|Psychic|p2a: Alakazam
|-resisted|p2a: Alakazam
|-damage|p2a: Alakazam|265/313 par
|-unboost|p2a: Alakazam|spd|1
|-unboost|p2a: Alakazam|spa|1
|
|upkeep
|turn|43
|l| menaivan
|
|move|p1a: Exeggutor|Psychic|p2a: Alakazam
|-resisted|p2a: Alakazam
|-damage|p2a: Alakazam|192/313 par
|move|p2a: Alakazam|Seismic Toss|p1a: Exeggutor
|-damage|p1a: Exeggutor|119/393 par
|
|upkeep
|turn|44
|
|switch|p2a: Chansey|Chansey|367/703 slp
|move|p1a: Exeggutor|Explosion|p2a: Chansey
|-damage|p2a: Chansey|0 fnt
|faint|p2a: Chansey
|faint|p1a: Exeggutor
|
|switch|p2a: Alakazam|Alakazam|192/313 par
|switch|p1a: Golem|Golem|177/363
|turn|45
|
|switch|p1a: Chansey|Chansey|603/703 par
|switch|p2a: Starmie|Starmie|323/323
|
|upkeep
|turn|46
|
|switch|p2a: Snorlax|Snorlax|123/523
|move|p1a: Chansey|Seismic Toss|p2a: Snorlax
|-damage|p2a: Snorlax|23/523
|
|upkeep
|turn|47
|
|move|p2a: Snorlax|Earthquake|p1a: Chansey
|-damage|p1a: Chansey|373/703 par
|move|p1a: Chansey|Seismic Toss|p2a: Snorlax
|-damage|p2a: Snorlax|0 fnt
|faint|p2a: Snorlax
|
|switch|p2a: Tauros|Tauros|353/353
|turn|48
|
|move|p2a: Tauros|Hyper Beam|p1a: Chansey
|-damage|p1a: Chansey|0 fnt
|faint|p1a: Chansey
|
|switch|p1a: Gengar|Gengar|223/323
|turn|49
|
|switch|p2a: Alakazam|Alakazam|192/313 par
|move|p1a: Gengar|Toxic|p2a: Alakazam
|-fail|p2a: Alakazam
|
|upkeep
|turn|50
|
|switch|p1a: Snorlax|Snorlax|523/523
|move|p2a: Alakazam|Thunder Wave|p1a: Snorlax
|-status|p1a: Snorlax|par
|
|upkeep
|turn|51
|
|cant|p2a: Alakazam|par
|move|p1a: Snorlax|Seismic Toss|p2a: Alakazam
|-damage|p2a: Alakazam|92/313 par
|
|upkeep
|turn|52
|
|move|p2a: Alakazam|Recover|p2a: Alakazam
|-heal|p2a: Alakazam|248/313 par
|cant|p1a: Snorlax|par
|
|upkeep
|turn|53
|j|#FOMG
|
|cant|p2a: Alakazam|par
|cant|p1a: Snorlax|par
|
|upkeep
|turn|54
|
|move|p2a: Alakazam|Psychic|p1a: Snorlax
|-damage|p1a: Snorlax|339/523 par
|move|p1a: Snorlax|Seismic Toss|p2a: Alakazam
|-damage|p2a: Alakazam|148/313 par
|
|upkeep
|turn|55
|
|move|p2a: Alakazam|Recover|p2a: Alakazam
|-heal|p2a: Alakazam|304/313 par
|move|p1a: Snorlax|Seismic Toss|p2a: Alakazam
|-damage|p2a: Alakazam|204/313 par
|
|upkeep
|turn|56
|
|move|p2a: Alakazam|Psychic|p1a: Snorlax
|-damage|p1a: Snorlax|172/523 par
|move|p1a: Snorlax|Seismic Toss|p2a: Alakazam
|-damage|p2a: Alakazam|104/313 par
|
|upkeep
|turn|57
|
|move|p2a: Alakazam|Recover|p2a: Alakazam
|-heal|p2a: Alakazam|260/313 par
|move|p1a: Snorlax|Rest|p1a: Snorlax
|-status|p1a: Snorlax|slp|[from] move: Rest
|-heal|p1a: Snorlax|523/523 slp|[silent]
|
|upkeep
|turn|58
|
|move|p2a: Alakazam|Psychic|p1a: Snorlax
|-damage|p1a: Snorlax|350/523 slp
|cant|p1a: Snorlax|slp
|
|upkeep
|turn|59
|
|move|p2a: Alakazam|Psychic|p1a: Snorlax
|-damage|p1a: Snorlax|173/523 slp
|-curestatus|p1a: Snorlax|slp|[msg]
|
|upkeep
|turn|60
|
|move|p2a: Alakazam|Psychic|p1a: Snorlax
|-damage|p1a: Snorlax|0 fnt
|faint|p1a: Snorlax
|
|switch|p1a: Gengar|Gengar|223/323
|turn|61
|
|move|p1a: Gengar|Metronome|p1a: Gengar
|move|p1a: Gengar|Wrap|p2a: Alakazam|[from]Metronome
|-damage|p2a: Alakazam|245/313 par
|cant|p2a: Alakazam|partiallytrapped
|
|upkeep
|turn|62
|
|switch|p2a: Tauros|Tauros|353/353
|move|p1a: Gengar|Night Shade|p2a: Tauros
|-damage|p2a: Tauros|253/353
|
|upkeep
|turn|63
|
|move|p1a: Gengar|Psychic|p2a: Tauros
|-damage|p2a: Tauros|154/353
|-unboost|p2a: Tauros|spd|1
|-unboost|p2a: Tauros|spa|1
|move|p2a: Tauros|Earthquake|p1a: Gengar
|-supereffective|p1a: Gengar
|-damage|p1a: Gengar|0 fnt
|faint|p1a: Gengar
|
|switch|p1a: Golem|Golem|177/363
|turn|64
|
|move|p2a: Tauros|Blizzard|p1a: Golem|[miss]
|-miss|p2a: Tauros
|move|p1a: Golem|Earthquake|p2a: Tauros
|-damage|p2a: Tauros|16/353
|
|upkeep
|turn|65
|
|move|p2a: Tauros|Blizzard|p1a: Golem
|-supereffective|p1a: Golem
|-damage|p1a: Golem|39/363
|move|p1a: Golem|Rock Slide|p2a: Tauros
|-damage|p2a: Tauros|0 fnt
|faint|p2a: Tauros
|
|switch|p2a: Starmie|Starmie|323/323
|turn|66
|
|move|p2a: Starmie|Blizzard|p1a: Golem
|-supereffective|p1a: Golem
|-damage|p1a: Golem|0 fnt
|faint|p1a: Golem
|
|win|Gringo44
|c| sprinkles1|ggg
