|j|☆zSpxdes ☭
|j|☆SaltyFrenchGuy
|player|p1|zSpxdes ☭|courtney-gen3
|player|p2|SaltyFrenchGuy|blue-gen2
|teamsize|p1|6
|teamsize|p2|6
|gametype|singles
|gen|1
|tier|[Gen 1] OU
|rated|Tournament battle
|rule|Sleep Clause Mod: Limit one foe put to sleep
|rule|Freeze Clause Mod: Limit one foe frozen
|rule|Species Clause: Limit one of each Pokémon
|rule|OHKO Clause: OHKO moves are banned
|rule|Evasion Moves Clause: Evasion moves are banned
|rule|HP Percentage Mod: HP is shown in percentages
|
|start
|switch|p1a: Jynx|Jynx|333/333
|switch|p2a: Alakazam|Alakazam|313/313
|turn|1
|c|☆zSpxdes ☭|hf
|c|☆SaltyFrenchGuy|hf
|j| Alumn ✞
|c| Alumn ✞|go sfg
|
|move|p2a: Alakazam|Thunder Wave|p1a: Jynx
|-status|p1a: Jynx|par
|move|p1a: Jynx|Lovely Kiss|p2a: Alakazam|[miss]
|-miss|p1a: Jynx
|
|upkeep
|turn|2
|
|move|p2a: Alakazam|Psychic|p1a: Jynx
|-resisted|p1a: Jynx
|-damage|p1a: Jynx|265/333 par
|-unboost|p1a: Jynx|spd|1
|-unboost|p1a: Jynx|spa|1
|move|p1a: Jynx|Lovely Kiss|p2a: Alakazam
|-status|p2a: Alakazam|slp|[from] move: Lovely Kiss
|
|upkeep
|turn|3
|
|switch|p2a: Snorlax|Snorlax|523/523
|switch|p1a: Tauros|Tauros|353/353
|
|upkeep
|turn|4
|
|move|p1a: Tauros|Body Slam|p2a: Snorlax
|-damage|p2a: Snorlax|387/523
|move|p2a: Snorlax|Body Slam|p1a: Tauros
|-damage|p1a: Tauros|249/353
|
|upkeep
|turn|5
|
|move|p1a: Tauros|Body Slam|p2a: Snorlax
|-damage|p2a: Snorlax|265/523
|move|p2a: Snorlax|Self-Destruct|p1a: Tauros
|-damage|p1a: Tauros|0 fnt
|faint|p1a: Tauros
|faint|p2a: Snorlax
|
|switch|p1a: Chansey|Chansey|703/703
|switch|p2a: Exeggutor|Exeggutor|393/393
|turn|6
|
|move|p2a: Exeggutor|Explosion|p1a: Chansey
|-damage|p1a: Chansey|0 fnt
|faint|p1a: Chansey
|faint|p2a: Exeggutor
|c|☆zSpxdes ☭|haahahah
|
|switch|p2a: Chansey|Chansey|703/703
|switch|p1a: Exeggutor|Exeggutor, M|393/393
|turn|7
|
|move|p1a: Exeggutor|Stun Spore|p2a: Chansey
|-status|p2a: Chansey|par
|move|p2a: Chansey|Reflect|p2a: Chansey
|-start|p2a: Chansey|Reflect
|
|upkeep
|turn|8
|
|move|p1a: Exeggutor|Psychic|p2a: Chansey
|-damage|p2a: Chansey|585/703 par
|move|p2a: Chansey|Thunder Wave|p1a: Exeggutor
|-status|p1a: Exeggutor|par
|
|upkeep
|turn|9
|
|move|p1a: Exeggutor|Psychic|p2a: Chansey
|-damage|p2a: Chansey|474/703 par
|move|p2a: Chansey|Seismic Toss|p1a: Exeggutor
|-damage|p1a: Exeggutor|293/393 par
|
|upkeep
|turn|10
|
|cant|p1a: Exeggutor|par
|move|p2a: Chansey|Soft-Boiled|p2a: Chansey
|-heal|p2a: Chansey|703/703 par
|
|upkeep
|turn|11
|
|move|p1a: Exeggutor|Psychic|p2a: Chansey
|-crit|p2a: Chansey
|-damage|p2a: Chansey|485/703 par
|cant|p2a: Chansey|par
|
|upkeep
|turn|12
|
|move|p1a: Exeggutor|Sleep Powder|p2a: Chansey
|-fail|p2a: Chansey
|move|p2a: Chansey|Soft-Boiled|p2a: Chansey
|-heal|p2a: Chansey|703/703 par
|
|upkeep
|turn|13
|
|move|p1a: Exeggutor|Psychic|p2a: Chansey
|-damage|p2a: Chansey|591/703 par
|move|p2a: Chansey|Seismic Toss|p1a: Exeggutor
|-damage|p1a: Exeggutor|193/393 par
|
|upkeep
|turn|14
|c|☆zSpxdes ☭|Yessss
|c|☆zSpxdes ☭|missclick
|
|cant|p1a: Exeggutor|par
|move|p2a: Chansey|Seismic Toss|p1a: Exeggutor
|-damage|p1a: Exeggutor|93/393 par
|
|upkeep
|turn|15
|
|move|p1a: Exeggutor|Explosion|p2a: Chansey
|-damage|p2a: Chansey|218/703 par
|faint|p1a: Exeggutor
|
|switch|p1a: Snorlax|Snorlax, M|523/523
|turn|16
|
|move|p1a: Snorlax|Body Slam|p2a: Chansey
|-damage|p2a: Chansey|62/703 par
|move|p2a: Chansey|Soft-Boiled|p2a: Chansey
|-heal|p2a: Chansey|413/703 par
|
|upkeep
|turn|17
|
|move|p1a: Snorlax|Body Slam|p2a: Chansey
|-damage|p2a: Chansey|258/703 par
|move|p2a: Chansey|Soft-Boiled|p2a: Chansey
|-heal|p2a: Chansey|609/703 par
|
|upkeep
|turn|18
|
|move|p1a: Snorlax|Reflect|p1a: Snorlax
|-start|p1a: Snorlax|Reflect
|cant|p2a: Chansey|par
|
|upkeep
|turn|19
|
|move|p1a: Snorlax|Body Slam|p2a: Chansey
|-damage|p2a: Chansey|459/703 par
|move|p2a: Chansey|Thunder Wave|p1a: Snorlax
|-status|p1a: Snorlax|par
|
|upkeep
|turn|20
|
|cant|p2a: Chansey|par
|move|p1a: Snorlax|Body Slam|p2a: Chansey
|-damage|p2a: Chansey|313/703 par
|
|upkeep
|turn|21
|
|move|p2a: Chansey|Soft-Boiled|p2a: Chansey
|-heal|p2a: Chansey|664/703 par
|move|p1a: Snorlax|Body Slam|p2a: Chansey
|-damage|p2a: Chansey|529/703 par
|
|upkeep
|turn|22
|
|move|p2a: Chansey|Seismic Toss|p1a: Snorlax
|-damage|p1a: Snorlax|423/523 par
|cant|p1a: Snorlax|par
|
|upkeep
|turn|23
|
|move|p2a: Chansey|Seismic Toss|p1a: Snorlax
|-damage|p1a: Snorlax|323/523 par
|cant|p1a: Snorlax|par
|
|upkeep
|turn|24
|
|move|p2a: Chansey|Seismic Toss|p1a: Snorlax
|-damage|p1a: Snorlax|223/523 par
|move|p1a: Snorlax|Rest|p1a: Snorlax
|-status|p1a: Snorlax|slp|[from] move: Rest
|-heal|p1a: Snorlax|523/523 slp|[silent]
|
|upkeep
|turn|25
|
|switch|p2a: Zapdos|Zapdos|383/383
|cant|p1a: Snorlax|slp
|
|upkeep
|turn|26
|
|move|p2a: Zapdos|Thunderbolt|p1a: Snorlax
|-damage|p1a: Snorlax|346/523 slp
|-curestatus|p1a: Snorlax|slp|[msg]
|
|upkeep
|turn|27
|
|move|p2a: Zapdos|Thunderbolt|p1a: Snorlax
|-damage|p1a: Snorlax|183/523
|move|p1a: Snorlax|Body Slam|p2a: Zapdos
|-damage|p2a: Zapdos|262/383
|
|upkeep
|turn|28
|
|move|p2a: Zapdos|Thunderbolt|p1a: Snorlax
|-crit|p1a: Snorlax
|-damage|p1a: Snorlax|0 fnt
|faint|p1a: Snorlax
|
|switch|p1a: Starmie|Starmie|323/323
|turn|29
|
|move|p1a: Starmie|Blizzard|p2a: Zapdos
|-supereffective|p2a: Zapdos
|-damage|p2a: Zapdos|91/383
|move|p2a: Zapdos|Agility|p2a: Zapdos
|-boost|p2a: Zapdos|spe|2
|
|upkeep
|turn|30
|
|move|p2a: Zapdos|Thunderbolt|p1a: Starmie
|-supereffective|p1a: Starmie
|-damage|p1a: Starmie|62/323
|move|p1a: Starmie|Blizzard|p2a: Zapdos
|-crit|p2a: Zapdos
|-supereffective|p2a: Zapdos
|-damage|p2a: Zapdos|0 fnt
|faint|p2a: Zapdos
|
|switch|p2a: Chansey|Chansey|529/703 par
|turn|31
|
|move|p1a: Starmie|Recover|p1a: Starmie
|-heal|p1a: Starmie|223/323
|cant|p2a: Chansey|par
|
|upkeep
|turn|32
|
|switch|p1a: Jynx|Jynx|265/333 par
|move|p2a: Chansey|Thunder Wave|p1a: Jynx
|-fail|p1a: Jynx|par
|
|upkeep
|turn|33
|c|☆SaltyFrenchGuy|arf
|
|cant|p1a: Jynx|par
|move|p2a: Chansey|Seismic Toss|p1a: Jynx
|-damage|p1a: Jynx|165/333 par
|
|upkeep
|turn|34
|
|move|p1a: Jynx|Rest|p1a: Jynx
|-status|p1a: Jynx|slp|[from] move: Rest
|-heal|p1a: Jynx|333/333 slp|[silent]
|move|p2a: Chansey|Seismic Toss|p1a: Jynx
|-damage|p1a: Jynx|233/333 slp
|
|upkeep
|turn|35
|
|switch|p2a: Tauros|Tauros|353/353
|cant|p1a: Jynx|slp
|
|upkeep
|turn|36
|
|move|p2a: Tauros|Body Slam|p1a: Jynx
|-damage|p1a: Jynx|67/333 slp
|-curestatus|p1a: Jynx|slp|[msg]
|
|upkeep
|turn|37
|
|switch|p1a: Starmie|Starmie|223/323
|move|p2a: Tauros|Body Slam|p1a: Starmie
|-damage|p1a: Starmie|113/323
|
|upkeep
|turn|38
|
|move|p1a: Starmie|Recover|p1a: Starmie
|-heal|p1a: Starmie|274/323
|move|p2a: Tauros|Body Slam|p1a: Starmie
|-damage|p1a: Starmie|157/323
|-status|p1a: Starmie|par
|
|upkeep
|turn|39
|
|move|p2a: Tauros|Hyper Beam|p1a: Starmie
|-crit|p1a: Starmie
|-damage|p1a: Starmie|0 fnt
|faint|p1a: Starmie
|c|☆zSpxdes ☭|Ah
|c|☆zSpxdes ☭|g
|c|☆zSpxdes ☭|g
|c|☆SaltyFrenchGuy|gg
|-message|zSpxdes ☭ forfeited.
|
|win|SaltyFrenchGuy
