|j|☆Cynuss
|j|☆Lucamy
|player|p1|Cynuss|160
|player|p2|Lucamy|99
|teamsize|p1|6
|teamsize|p2|6
|gametype|singles
|gen|1
|tier|[Gen 1] OU
|rated|
|rule|Sleep Clause Mod: Limit one foe put to sleep
|rule|Freeze Clause Mod: Limit one foe frozen
|rule|Species Clause: Limit one of each Pokémon
|rule|OHKO Clause: OHKO moves are banned
|rule|Evasion Moves Clause: Evasion moves are banned
|rule|HP Percentage Mod: HP is shown in percentages
|
|start
|switch|p1a: Zapdos|Zapdos|383/383
|switch|p2a: Alakazam|Alakazam|313/313
|turn|1
|
|move|p2a: Alakazam|Thunder Wave|p1a: Zapdos
|-status|p1a: Zapdos|par
|move|p1a: Zapdos|Thunder Wave|p2a: Alakazam
|-status|p2a: Alakazam|par
|
|upkeep
|turn|2
|
|cant|p2a: Alakazam|par
|move|p1a: Zapdos|Drill Peck|p2a: Alakazam
|-damage|p2a: Alakazam|171/313 par
|
|upkeep
|turn|3
|
|move|p2a: Alakazam|Recover|p2a: Alakazam
|-heal|p2a: Alakazam|313/313 par
|move|p1a: Zapdos|Drill Peck|p2a: Alakazam
|-damage|p2a: Alakazam|179/313 par
|
|upkeep
|turn|4
|
|move|p2a: Alakazam|Recover|p2a: Alakazam
|-heal|p2a: Alakazam|313/313 par
|move|p1a: Zapdos|Drill Peck|p2a: Alakazam
|-crit|p2a: Alakazam
|-damage|p2a: Alakazam|58/313 par
|
|upkeep
|turn|5
|
|cant|p2a: Alakazam|par
|cant|p1a: Zapdos|par
|
|upkeep
|turn|6
|
|move|p2a: Alakazam|Recover|p2a: Alakazam
|-hint|In Gen 1, recovery moves fail if (user's maximum HP - user's current HP + 1) is divisible by 256.
|-fail|p2a: Alakazam
|move|p1a: Zapdos|Drill Peck|p2a: Alakazam
|-damage|p2a: Alakazam|0 fnt
|faint|p2a: Alakazam
|
|switch|p2a: Tauros|Tauros|353/353
|turn|7
|
|move|p2a: Tauros|Blizzard|p1a: Zapdos
|-crit|p1a: Zapdos
|-supereffective|p1a: Zapdos
|-damage|p1a: Zapdos|130/383 par
|move|p1a: Zapdos|Thunder Wave|p2a: Tauros
|-status|p2a: Tauros|par
|
|upkeep
|turn|8
|
|cant|p2a: Tauros|par
|move|p1a: Zapdos|Thunderbolt|p2a: Tauros
|-damage|p2a: Tauros|195/353 par
|
|upkeep
|turn|9
|
|move|p2a: Tauros|Blizzard|p1a: Zapdos
|-supereffective|p1a: Zapdos
|-damage|p1a: Zapdos|0 fnt
|faint|p1a: Zapdos
|
|switch|p1a: Charizard|Charizard|359/359
|turn|10
|
|move|p1a: Charizard|Fire Spin|p2a: Tauros
|-damage|p2a: Tauros|174/353 par
|cant|p2a: Tauros|partiallytrapped
|
|upkeep
|turn|11
|
|move|p1a: Charizard|Fire Spin|p2a: Tauros|[from]Fire Spin
|-damage|p2a: Tauros|153/353 par
|cant|p2a: Tauros|partiallytrapped
|
|upkeep
|turn|12
|
|move|p1a: Charizard|Fire Spin|p2a: Tauros
|-damage|p2a: Tauros|132/353 par
|cant|p2a: Tauros|partiallytrapped
|
|upkeep
|turn|13
|
|move|p1a: Charizard|Fire Spin|p2a: Tauros|[from]Fire Spin
|-damage|p2a: Tauros|111/353 par
|cant|p2a: Tauros|partiallytrapped
|
|upkeep
|turn|14
|
|move|p1a: Charizard|Fire Blast|p2a: Tauros
|-damage|p2a: Tauros|0 fnt
|faint|p2a: Tauros
|
|switch|p2a: Zapdos|Zapdos|383/383
|turn|15
|
|switch|p1a: Golem|Golem|363/363
|move|p2a: Zapdos|Thunderbolt|p1a: Golem
|-immune|p1a: Golem
|
|upkeep
|turn|16
|
|switch|p2a: Starmie|Starmie|323/323
|move|p1a: Golem|Fire Blast|p2a: Starmie
|-resisted|p2a: Starmie
|-damage|p2a: Starmie|289/323
|-status|p2a: Starmie|brn
|
|upkeep
|turn|17
|
|switch|p1a: Exeggutor|Exeggutor|393/393
|move|p2a: Starmie|Blizzard|p1a: Exeggutor
|-supereffective|p1a: Exeggutor
|-damage|p1a: Exeggutor|219/393
|-damage|p2a: Starmie|269/323 brn|[from] brn|[of] p1a: Exeggutor
|
|upkeep
|turn|18
|
|move|p2a: Starmie|Blizzard|p1a: Exeggutor
|-crit|p1a: Exeggutor
|-supereffective|p1a: Exeggutor
|-damage|p1a: Exeggutor|0 fnt
|faint|p1a: Exeggutor
|
|switch|p1a: Cloyster|Cloyster|303/303
|turn|19
|
|move|p2a: Starmie|Thunderbolt|p1a: Cloyster
|-crit|p1a: Cloyster
|-supereffective|p1a: Cloyster
|-damage|p1a: Cloyster|0 fnt
|faint|p1a: Cloyster
|
|switch|p1a: Tauros|Tauros|353/353
|turn|20
|
|switch|p2a: Gengar|Gengar|323/323
|move|p1a: Tauros|Body Slam|p2a: Gengar
|-immune|p2a: Gengar
|
|upkeep
|turn|21
|
|move|p1a: Tauros|Earthquake|p2a: Gengar
|-supereffective|p2a: Gengar
|-damage|p2a: Gengar|97/323
|move|p2a: Gengar|Thunderbolt|p1a: Tauros
|-damage|p1a: Tauros|246/353
|
|upkeep
|turn|22
|
|switch|p2a: Zapdos|Zapdos|383/383
|move|p1a: Tauros|Earthquake|p2a: Zapdos
|-immune|p2a: Zapdos
|
|upkeep
|turn|23
|inactive|Battle timer is ON: inactive players will automatically lose when time's up. (requested by Lucamy)
|
|switch|p1a: Golem|Golem|363/363
|move|p2a: Zapdos|Drill Peck|p1a: Golem
|-crit|p1a: Golem
|-resisted|p1a: Golem
|-damage|p1a: Golem|292/363
|
|upkeep
|turn|24
|
|switch|p2a: Starmie|Starmie|269/323 brn
|-damage|p2a: Starmie|249/323 brn|[from] brn
|move|p1a: Golem|Earthquake|p2a: Starmie
|-damage|p2a: Starmie|99/323 brn
|
|upkeep
|turn|25
|
|move|p2a: Starmie|Recover|p2a: Starmie
|-heal|p2a: Starmie|260/323 brn
|-damage|p2a: Starmie|240/323 brn|[from] brn
|move|p1a: Golem|Earthquake|p2a: Starmie
|-damage|p2a: Starmie|105/323 brn
|
|upkeep
|turn|26
|
|move|p2a: Starmie|Recover|p2a: Starmie
|-heal|p2a: Starmie|266/323 brn
|-damage|p2a: Starmie|246/323 brn|[from] brn
|move|p1a: Golem|Earthquake|p2a: Starmie
|-damage|p2a: Starmie|99/323 brn
|
|upkeep
|turn|27
|
|move|p2a: Starmie|Recover|p2a: Starmie
|-heal|p2a: Starmie|260/323 brn
|-damage|p2a: Starmie|240/323 brn|[from] brn
|move|p1a: Golem|Earthquake|p2a: Starmie
|-damage|p2a: Starmie|89/323 brn
|
|upkeep
|turn|28
|
|move|p2a: Starmie|Recover|p2a: Starmie
|-heal|p2a: Starmie|250/323 brn
|-damage|p2a: Starmie|230/323 brn|[from] brn
|move|p1a: Golem|Earthquake|p2a: Starmie
|-damage|p2a: Starmie|88/323 brn
|
|upkeep
|turn|29
|
|move|p2a: Starmie|Blizzard|p1a: Golem
|-crit|p1a: Golem
|-supereffective|p1a: Golem
|-damage|p1a: Golem|0 fnt
|faint|p1a: Golem
|
|switch|p1a: Tauros|Tauros|246/353
|turn|30
|
|move|p2a: Starmie|Recover|p2a: Starmie
|-heal|p2a: Starmie|249/323 brn
|-damage|p2a: Starmie|229/323 brn|[from] brn
|move|p1a: Tauros|Hyper Beam|p2a: Starmie
|-damage|p2a: Starmie|47/323 brn
|-mustrecharge|p1a: Tauros
|
|upkeep
|turn|31
|
|move|p2a: Starmie|Blizzard|p1a: Tauros
|-damage|p1a: Tauros|122/353
|-damage|p2a: Starmie|27/323 brn|[from] brn|[of] p1a: Tauros
|cant|p1a: Tauros|recharge
|
|upkeep
|turn|32
|
|move|p2a: Starmie|Blizzard|p1a: Tauros
|-damage|p1a: Tauros|7/353
|-damage|p2a: Starmie|7/323 brn|[from] brn|[of] p1a: Tauros
|move|p1a: Tauros|Hyper Beam|p2a: Starmie|[miss]
|-miss|p1a: Tauros
|
|upkeep
|turn|33
|
|switch|p1a: Charizard|Charizard|359/359
|move|p2a: Starmie|Thunderbolt|p1a: Charizard
|-supereffective|p1a: Charizard
|-damage|p1a: Charizard|194/359
|-damage|p2a: Starmie|0 fnt|[from] brn|[of] p1a: Charizard
|faint|p2a: Starmie
|
|switch|p2a: Zapdos|Zapdos|383/383
|turn|34
|
|move|p1a: Charizard|Fire Blast|p2a: Zapdos
|-crit|p2a: Zapdos
|-damage|p2a: Zapdos|170/383
|move|p2a: Zapdos|Thunderbolt|p1a: Charizard
|-supereffective|p1a: Charizard
|-damage|p1a: Charizard|0 fnt
|faint|p1a: Charizard
|
|switch|p1a: Tauros|Tauros|7/353
|turn|35
|
|move|p1a: Tauros|Blizzard|p2a: Zapdos
|-supereffective|p2a: Zapdos
|-damage|p2a: Zapdos|51/383
|move|p2a: Zapdos|Thunderbolt|p1a: Tauros
|-damage|p1a: Tauros|0 fnt
|faint|p1a: Tauros
|
|win|Lucamy
