|j|☆dnite56
|j|☆poopydroop
|player|p1|dnite56|169
|player|p2|poopydroop|264
|teamsize|p1|6
|teamsize|p2|6
|gametype|singles
|gen|1
|tier|[Gen 1] OU
|rated|
|rule|Sleep Clause Mod: Limit one foe put to sleep
|rule|Freeze Clause Mod: Limit one foe frozen
|rule|Species Clause: Limit one of each Pokémon
|rule|OHKO Clause: OHKO moves are banned
|rule|Evasion Moves Clause: Evasion moves are banned
|rule|HP Percentage Mod: HP is shown in percentages
|
|start
|switch|p1a: Jolteon|Jolteon, M|333/333
|switch|p2a: Blastoise|Blastoise|361/361
|turn|1
|
|move|p1a: Jolteon|Thunderbolt|p2a: Blastoise
|-crit|p2a: Blastoise
|-supereffective|p2a: Blastoise
|-damage|p2a: Blastoise|0 fnt
|faint|p2a: Blastoise
|inactive|Battle timer is ON: inactive players will automatically lose when time's up. (requested by dnite56)
|
|switch|p2a: Nidoking|Nidoking|365/365
|turn|2
|
|switch|p1a: Starmie|Starmie|323/323
|move|p2a: Nidoking|Earthquake|p1a: Starmie
|-damage|p1a: Starmie|196/323
|
|upkeep
|turn|3
|
|move|p1a: Starmie|Psychic|p2a: Nidoking
|-crit|p2a: Nidoking
|-supereffective|p2a: Nidoking
|-damage|p2a: Nidoking|0 fnt
|faint|p2a: Nidoking
|
|switch|p2a: Raichu|Raichu|323/323
|turn|4
|
|move|p1a: Starmie|Psychic|p2a: Raichu
|-crit|p2a: Raichu
|-damage|p2a: Raichu|119/323
|move|p2a: Raichu|Thunder|p1a: Starmie|[miss]
|-miss|p2a: Raichu
|
|upkeep
|turn|5
|
|move|p1a: Starmie|Psychic|p2a: Raichu
|-damage|p2a: Raichu|5/323
|move|p2a: Raichu|Thunder|p1a: Starmie|[miss]
|-miss|p2a: Raichu
|
|upkeep
|turn|6
|c|☆dnite56|epic
|
|move|p1a: Starmie|Psychic|p2a: Raichu
|-crit|p2a: Raichu
|-damage|p2a: Raichu|0 fnt
|faint|p2a: Raichu
|
|switch|p2a: Dragonite|Dragonite|385/385
|turn|7
|
|move|p1a: Starmie|Thunder Wave|p2a: Dragonite
|-status|p2a: Dragonite|par
|move|p2a: Dragonite|Thunder|p1a: Starmie|[miss]
|-miss|p2a: Dragonite
|
|upkeep
|turn|8
|
|move|p1a: Starmie|Psychic|p2a: Dragonite
|-damage|p2a: Dragonite|278/385 par
|move|p2a: Dragonite|Thunder|p1a: Starmie
|-supereffective|p1a: Starmie
|-damage|p1a: Starmie|14/323
|
|upkeep
|turn|9
|c|☆poopydroop|SHUT UP!!!
|c|☆poopydroop|U SUCK!!!
|
|switch|p1a: Jolteon|Jolteon, M|333/333
|move|p2a: Dragonite|Thunder|p1a: Jolteon
|-resisted|p1a: Jolteon
|-damage|p1a: Jolteon|289/333
|
|upkeep
|turn|10
|c|☆dnite56|no i am epic!1
|
|switch|p2a: Venomoth|Venomoth|343/343
|move|p1a: Jolteon|Thunderbolt|p2a: Venomoth
|-crit|p2a: Venomoth
|-damage|p2a: Venomoth|75/343
|-status|p2a: Venomoth|par
|
|upkeep
|turn|11
|c|☆dnite56|i am 2 cool 4 school!
|
|move|p1a: Jolteon|Thunderbolt|p2a: Venomoth
|-crit|p2a: Venomoth
|-damage|p2a: Venomoth|0 fnt
|faint|p2a: Venomoth
|c|☆poopydroop|SHUT UP!!!
|c|☆dnite56|never!
|c|☆poopydroop|GRAA!!!!
|inactive|poopydroop has 120 seconds left.
|c|☆dnite56|!!
|c|☆poopydroop|BATTLE ME HOLD UP SUCKER!!!!
|-message|poopydroop forfeited.
|
|win|dnite56
|l|☆poopydroop
