|j|☆Lucamy
|j|☆Vaselli
|player|p1|Lucamy|99
|player|p2|Vaselli|68
|teamsize|p1|6
|teamsize|p2|6
|gametype|singles
|gen|1
|tier|[Gen 1] OU
|rated|
|rule|Sleep Clause Mod: Limit one foe put to sleep
|rule|Freeze Clause Mod: Limit one foe frozen
|rule|Species Clause: Limit one of each Pokémon
|rule|OHKO Clause: OHKO moves are banned
|rule|Evasion Moves Clause: Evasion moves are banned
|rule|HP Percentage Mod: HP is shown in percentages
|
|start
|switch|p1a: Alakazam|Alakazam|313/313
|switch|p2a: Alakazam|Alakazam|313/313
|turn|1
|
|move|p2a: Alakazam|Thunder Wave|p1a: Alakazam
|-status|p1a: Alakazam|par
|move|p1a: Alakazam|Thunder Wave|p2a: Alakazam
|-status|p2a: Alakazam|par
|
|upkeep
|turn|2
|inactive|Battle timer is ON: inactive players will automatically lose when time's up. (requested by Vaselli)
|
|switch|p1a: Chansey|Chansey|703/703
|move|p2a: Alakazam|Psychic|p1a: Chansey
|-damage|p1a: Chansey|574/703
|
|upkeep
|turn|3
|
|move|p1a: Chansey|Thunderbolt|p2a: Alakazam
|-damage|p2a: Alakazam|251/313 par
|cant|p2a: Alakazam|par
|
|upkeep
|turn|4
|
|move|p1a: Chansey|Thunderbolt|p2a: Alakazam
|-damage|p2a: Alakazam|186/313 par
|move|p2a: Alakazam|Thunder Wave|p1a: Chansey
|-status|p1a: Chansey|par
|
|upkeep
|turn|5
|
|move|p2a: Alakazam|Seismic Toss|p1a: Chansey
|-damage|p1a: Chansey|474/703 par
|cant|p1a: Chansey|par
|
|upkeep
|turn|6
|
|move|p2a: Alakazam|Psychic|p1a: Chansey
|-damage|p1a: Chansey|349/703 par
|move|p1a: Chansey|Soft-Boiled|p1a: Chansey
|-heal|p1a: Chansey|700/703 par
|
|upkeep
|turn|7
|
|cant|p2a: Alakazam|par
|move|p1a: Chansey|Thunderbolt|p2a: Alakazam
|-damage|p2a: Alakazam|120/313 par
|
|upkeep
|turn|8
|
|cant|p2a: Alakazam|par
|move|p1a: Chansey|Thunderbolt|p2a: Alakazam
|-damage|p2a: Alakazam|59/313 par
|
|upkeep
|turn|9
|
|move|p2a: Alakazam|Psychic|p1a: Chansey
|-damage|p1a: Chansey|576/703 par
|move|p1a: Chansey|Thunderbolt|p2a: Alakazam
|-damage|p2a: Alakazam|0 fnt
|faint|p2a: Alakazam
|
|switch|p2a: Charizard|Charizard|359/359
|turn|10
|
|move|p2a: Charizard|Swords Dance|p2a: Charizard
|-boost|p2a: Charizard|atk|2
|move|p1a: Chansey|Thunderbolt|p2a: Charizard
|-crit|p2a: Charizard
|-supereffective|p2a: Charizard
|-damage|p2a: Charizard|13/359
|
|upkeep
|turn|11
|
|move|p2a: Charizard|Hyper Beam|p1a: Chansey
|-damage|p1a: Chansey|0 fnt
|faint|p1a: Chansey
|
|switch|p1a: Starmie|Starmie|323/323
|turn|12
|
|move|p1a: Starmie|Thunderbolt|p2a: Charizard
|-supereffective|p2a: Charizard
|-damage|p2a: Charizard|0 fnt
|faint|p2a: Charizard
|
|switch|p2a: Starmie|Starmie|323/323
|turn|13
|
|move|p2a: Starmie|Thunder Wave|p1a: Starmie
|-status|p1a: Starmie|par
|cant|p1a: Starmie|par
|
|upkeep
|turn|14
|
|switch|p1a: Zapdos|Zapdos|383/383
|move|p2a: Starmie|Thunderbolt|p1a: Zapdos
|-damage|p1a: Zapdos|323/383
|
|upkeep
|turn|15
|
|move|p2a: Starmie|Thunder Wave|p1a: Zapdos
|-status|p1a: Zapdos|par
|move|p1a: Zapdos|Thunderbolt|p2a: Starmie
|-crit|p2a: Starmie
|-supereffective|p2a: Starmie
|-damage|p2a: Starmie|0 fnt
|faint|p2a: Starmie
|
|switch|p2a: Golem|Golem|363/363
|turn|16
|
|switch|p1a: Starmie|Starmie|323/323 par
|move|p2a: Golem|Rock Slide|p1a: Starmie
|-damage|p1a: Starmie|218/323 par
|
|upkeep
|turn|17
|
|switch|p2a: Vileplume|Vileplume|353/353
|move|p1a: Starmie|Thunder Wave|p2a: Vileplume
|-status|p2a: Vileplume|par
|
|upkeep
|turn|18
|
|switch|p1a: Zapdos|Zapdos|323/383 par
|cant|p2a: Vileplume|par
|
|upkeep
|turn|19
|
|move|p1a: Zapdos|Drill Peck|p2a: Vileplume
|-crit|p2a: Vileplume
|-supereffective|p2a: Vileplume
|-damage|p2a: Vileplume|0 fnt
|faint|p2a: Vileplume
|
|switch|p2a: Golem|Golem|363/363
|turn|20
|
|switch|p1a: Starmie|Starmie|218/323 par
|move|p2a: Golem|Rock Slide|p1a: Starmie
|-damage|p1a: Starmie|121/323 par
|
|upkeep
|turn|21
|
|move|p2a: Golem|Earthquake|p1a: Starmie
|-crit|p1a: Starmie
|-damage|p1a: Starmie|0 fnt
|faint|p1a: Starmie
|
|switch|p1a: Tauros|Tauros|353/353
|turn|22
|
|move|p1a: Tauros|Earthquake|p2a: Golem
|-supereffective|p2a: Golem
|-damage|p2a: Golem|240/363
|move|p2a: Golem|Earthquake|p1a: Tauros
|-damage|p1a: Tauros|217/353
|
|upkeep
|turn|23
|
|move|p1a: Tauros|Earthquake|p2a: Golem
|-crit|p2a: Golem
|-supereffective|p2a: Golem
|-damage|p2a: Golem|0 fnt
|faint|p2a: Golem
|
|switch|p2a: Persian|Persian|333/333
|turn|24
|
|move|p2a: Persian|Toxic|p1a: Tauros
|-status|p1a: Tauros|tox
|move|p1a: Tauros|Body Slam|p2a: Persian
|-damage|p2a: Persian|191/333
|-damage|p1a: Tauros|195/353 tox|[from] psn
|
|upkeep
|turn|25
|
|move|p2a: Persian|Slash|p1a: Tauros
|-crit|p1a: Tauros
|-damage|p1a: Tauros|54/353 tox
|move|p1a: Tauros|Hyper Beam|p2a: Persian
|-damage|p2a: Persian|0 fnt
|faint|p2a: Persian
|
|win|Lucamy
|l|☆Vaselli
|raw|Lucamy's rating: 1152 &rarr; <strong>1173</strong><br />(+21 for winning)
|raw|Vaselli's rating: 1097 &rarr; <strong>1076</strong><br />(-21 for losing)
