|j|☆Rycera
|j|☆Beelzemon 2003
|player|p1|Rycera|163
|player|p2|Beelzemon 2003|120
|teamsize|p1|6
|teamsize|p2|6
|gametype|singles
|gen|1
|tier|[Gen 1] OU
|rated|
|rule|Sleep Clause Mod: Limit one foe put to sleep
|rule|Freeze Clause Mod: Limit one foe frozen
|rule|Species Clause: Limit one of each Pokémon
|rule|OHKO Clause: OHKO moves are banned
|rule|Evasion Moves Clause: Evasion moves are banned
|rule|HP Percentage Mod: HP is shown in percentages
|
|start
|switch|p1a: Chansey|Chansey|703/703
|switch|p2a: Alakazam|Alakazam|313/313
|turn|1
|inactive|Battle timer is ON: inactive players will automatically lose when time's up. (requested by Beelzemon 2003)
|
|move|p2a: Alakazam|Psychic|p1a: Chansey
|-damage|p1a: Chansey|586/703
|move|p1a: Chansey|Thunder Wave|p2a: Alakazam
|-status|p2a: Alakazam|par
|
|upkeep
|turn|2
|
|move|p1a: Chansey|Ice Beam|p2a: Alakazam
|-damage|p2a: Alakazam|247/313 par
|move|p2a: Alakazam|Thunder Wave|p1a: Chansey
|-status|p1a: Chansey|par
|
|upkeep
|turn|3
|
|move|p2a: Alakazam|Psychic|p1a: Chansey
|-damage|p1a: Chansey|469/703 par
|-unboost|p1a: Chansey|spd|1
|-unboost|p1a: Chansey|spa|1
|cant|p1a: Chansey|par
|
|upkeep
|turn|4
|
|move|p2a: Alakazam|Psychic|p1a: Chansey
|-damage|p1a: Chansey|277/703 par
|move|p1a: Chansey|Thunderbolt|p2a: Alakazam
|-damage|p2a: Alakazam|205/313 par
|
|upkeep
|turn|5
|
|move|p2a: Alakazam|Psychic|p1a: Chansey
|-damage|p1a: Chansey|88/703 par
|move|p1a: Chansey|Soft-Boiled|p1a: Chansey
|-heal|p1a: Chansey|439/703 par
|
|upkeep
|turn|6
|
|move|p2a: Alakazam|Thunder Wave|p1a: Chansey
|-fail|p1a: Chansey|par
|move|p1a: Chansey|Ice Beam|p2a: Alakazam
|-damage|p2a: Alakazam|162/313 par
|
|upkeep
|turn|7
|
|move|p2a: Alakazam|Psychic|p1a: Chansey
|-damage|p1a: Chansey|241/703 par
|-unboost|p1a: Chansey|spd|1
|-unboost|p1a: Chansey|spa|1
|move|p1a: Chansey|Ice Beam|p2a: Alakazam
|-damage|p2a: Alakazam|130/313 par
|
|upkeep
|turn|8
|
|move|p2a: Alakazam|Recover|p2a: Alakazam
|-heal|p2a: Alakazam|286/313 par
|move|p1a: Chansey|Soft-Boiled|p1a: Chansey
|-heal|p1a: Chansey|592/703 par
|
|upkeep
|turn|9
|
|move|p2a: Alakazam|Thunder Wave|p1a: Chansey
|-fail|p1a: Chansey|par
|move|p1a: Chansey|Soft-Boiled|p1a: Chansey
|-heal|p1a: Chansey|703/703 par
|
|upkeep
|turn|10
|
|move|p2a: Alakazam|Thunder Wave|p1a: Chansey
|-fail|p1a: Chansey|par
|move|p1a: Chansey|Ice Beam|p2a: Alakazam
|-damage|p2a: Alakazam|254/313 par
|
|upkeep
|turn|11
|
|switch|p1a: Dragonite|Dragonite|385/385
|cant|p2a: Alakazam|par
|
|upkeep
|turn|12
|inactive|Rycera has 120 seconds left.
|inactive|Rycera has 90 seconds left.
|
|move|p1a: Dragonite|Wrap|p2a: Alakazam
|-damage|p2a: Alakazam|228/313 par
|cant|p2a: Alakazam|partiallytrapped
|
|upkeep
|turn|13
|
|switch|p2a: Chansey|Chansey|703/703
|move|p1a: Dragonite|Wrap|p2a: Chansey
|-damage|p2a: Chansey|663/703
|
|upkeep
|turn|14
|inactive|Rycera has 90 seconds left.
|
|switch|p2a: Golem|Golem|363/363
|move|p1a: Dragonite|Wrap|p2a: Golem
|-resisted|p2a: Golem
|-damage|p2a: Golem|357/363
|
|upkeep
|turn|15
|
|switch|p2a: Snorlax|Snorlax|523/523
|move|p1a: Dragonite|Wrap|p2a: Snorlax
|-crit|p2a: Snorlax
|-damage|p2a: Snorlax|486/523
|
|upkeep
|turn|16
|
|switch|p2a: Golem|Golem|357/363
|move|p1a: Dragonite|Wrap|p2a: Golem
|-resisted|p2a: Golem
|-damage|p2a: Golem|352/363
|
|upkeep
|turn|17
|
|switch|p2a: Snorlax|Snorlax|486/523
|move|p1a: Dragonite|Wrap|p2a: Snorlax|[miss]
|-miss|p1a: Dragonite
|
|upkeep
|turn|18
|
|move|p1a: Dragonite|Wrap|p2a: Snorlax
|-damage|p2a: Snorlax|465/523
|cant|p2a: Snorlax|partiallytrapped
|
|upkeep
|turn|19
|
|switch|p2a: Golem|Golem|352/363
|move|p1a: Dragonite|Wrap|p2a: Golem
|-resisted|p2a: Golem
|-damage|p2a: Golem|347/363
|
|upkeep
|turn|20
|
|switch|p2a: Snorlax|Snorlax|465/523
|move|p1a: Dragonite|Wrap|p2a: Snorlax|[miss]
|-miss|p1a: Dragonite
|
|upkeep
|turn|21
|inactive|Rycera has 120 seconds left.
|
|move|p1a: Dragonite|Wrap|p2a: Snorlax
|-damage|p2a: Snorlax|445/523
|cant|p2a: Snorlax|partiallytrapped
|
|upkeep
|turn|22
|
|switch|p2a: Golem|Golem|347/363
|move|p1a: Dragonite|Wrap|p2a: Golem
|-resisted|p2a: Golem
|-damage|p2a: Golem|341/363
|
|upkeep
|turn|23
|
|switch|p2a: Snorlax|Snorlax|445/523
|move|p1a: Dragonite|Wrap|p2a: Snorlax
|-damage|p2a: Snorlax|424/523
|
|upkeep
|turn|24
|c|☆Rycera|??
|
|switch|p2a: Golem|Golem|341/363
|move|p1a: Dragonite|Wrap|p2a: Golem
|-resisted|p2a: Golem
|-damage|p2a: Golem|335/363
|
|upkeep
|turn|25
|
|switch|p2a: Snorlax|Snorlax|424/523
|move|p1a: Dragonite|Wrap|p2a: Snorlax|[miss]
|-miss|p1a: Dragonite
|
|upkeep
|turn|26
|
|move|p1a: Dragonite|Wrap|p2a: Snorlax
|-damage|p2a: Snorlax|404/523
|cant|p2a: Snorlax|partiallytrapped
|
|upkeep
|turn|27
|
|switch|p2a: Golem|Golem|335/363
|move|p1a: Dragonite|Wrap|p2a: Golem
|-resisted|p2a: Golem
|-damage|p2a: Golem|329/363
|
|upkeep
|turn|28
|
|switch|p2a: Snorlax|Snorlax|404/523
|move|p1a: Dragonite|Wrap|p2a: Snorlax|[miss]
|-miss|p1a: Dragonite
|
|upkeep
|turn|29
|inactive|Rycera has 120 seconds left.
|
|move|p1a: Dragonite|Surf|p2a: Snorlax
|-damage|p2a: Snorlax|308/523
|move|p2a: Snorlax|Rock Slide|p1a: Dragonite
|-crit|p1a: Dragonite
|-supereffective|p1a: Dragonite
|-damage|p1a: Dragonite|122/385
|
|upkeep
|turn|30
|
|move|p1a: Dragonite|Wrap|p2a: Snorlax
|-damage|p2a: Snorlax|287/523
|cant|p2a: Snorlax|partiallytrapped
|
|upkeep
|turn|31
|
|switch|p2a: Golem|Golem|329/363
|move|p1a: Dragonite|Wrap|p2a: Golem
|-resisted|p2a: Golem
|-damage|p2a: Golem|323/363
|
|upkeep
|turn|32
|
|switch|p2a: Snorlax|Snorlax|287/523
|move|p1a: Dragonite|Wrap|p2a: Snorlax|[miss]
|-miss|p1a: Dragonite
|
|upkeep
|turn|33
|
|move|p1a: Dragonite|Wrap|p2a: Snorlax|[miss]
|-miss|p1a: Dragonite
|move|p2a: Snorlax|Rock Slide|p1a: Dragonite|[miss]
|-miss|p2a: Snorlax
|
|upkeep
|turn|34
|
|move|p1a: Dragonite|Wrap|p2a: Snorlax
|-damage|p2a: Snorlax|267/523
|cant|p2a: Snorlax|partiallytrapped
|
|upkeep
|turn|35
|
|switch|p2a: Golem|Golem|323/363
|move|p1a: Dragonite|Wrap|p2a: Golem
|-resisted|p2a: Golem
|-damage|p2a: Golem|317/363
|
|upkeep
|turn|36
|
|switch|p2a: Snorlax|Snorlax|267/523
|move|p1a: Dragonite|Wrap|p2a: Snorlax
|-damage|p2a: Snorlax|245/523
|
|upkeep
|turn|37
|
|switch|p2a: Golem|Golem|317/363
|move|p1a: Dragonite|Wrap|p2a: Golem
|-crit|p2a: Golem
|-resisted|p2a: Golem
|-damage|p2a: Golem|306/363
|
|upkeep
|turn|38
|
|switch|p2a: Snorlax|Snorlax|245/523
|move|p1a: Dragonite|Wrap|p2a: Snorlax|[miss]
|-miss|p1a: Dragonite
|
|upkeep
|turn|39
|
|move|p1a: Dragonite|Wrap|p2a: Snorlax
|-damage|p2a: Snorlax|227/523
|cant|p2a: Snorlax|partiallytrapped
|
|upkeep
|turn|40
|
|switch|p2a: Golem|Golem|306/363
|move|p1a: Dragonite|Wrap|p2a: Golem|[miss]
|-miss|p1a: Dragonite
|
|upkeep
|turn|41
|
|switch|p2a: Chansey|Chansey|663/703
|move|p1a: Dragonite|Surf|p2a: Chansey
|-damage|p2a: Chansey|593/703
|
|upkeep
|turn|42
|
|move|p1a: Dragonite|Wrap|p2a: Chansey
|-damage|p2a: Chansey|550/703
|cant|p2a: Chansey|partiallytrapped
|
|upkeep
|turn|43
|
|switch|p2a: Golem|Golem|306/363
|move|p1a: Dragonite|Wrap|p2a: Golem|[miss]
|-miss|p1a: Dragonite
|
|upkeep
|turn|44
|
|switch|p2a: Chansey|Chansey|550/703
|move|p1a: Dragonite|Surf|p2a: Chansey
|-damage|p2a: Chansey|480/703
|
|upkeep
|turn|45
|
|move|p1a: Dragonite|Wrap|p2a: Chansey
|-damage|p2a: Chansey|440/703
|cant|p2a: Chansey|partiallytrapped
|
|upkeep
|turn|46
|
|switch|p2a: Tauros|Tauros|353/353
|move|p1a: Dragonite|Wrap|p2a: Tauros|[miss]
|-miss|p1a: Dragonite
|
|upkeep
|turn|47
|inactive|Rycera has 120 seconds left.
|
|move|p2a: Tauros|Blizzard|p1a: Dragonite|[miss]
|-miss|p2a: Tauros
|move|p1a: Dragonite|Ice Beam|p2a: Tauros
|-damage|p2a: Tauros|255/353
|-status|p2a: Tauros|frz
|
|upkeep
|turn|48
|
|switch|p2a: Chansey|Chansey|440/703
|move|p1a: Dragonite|Thunderbolt|p2a: Chansey
|-damage|p2a: Chansey|374/703
|
|upkeep
|turn|49
|
|move|p1a: Dragonite|Ice Beam|p2a: Chansey
|-damage|p2a: Chansey|307/703
|move|p2a: Chansey|Soft-Boiled|p2a: Chansey
|-heal|p2a: Chansey|658/703
|
|upkeep
|turn|50
|
|move|p1a: Dragonite|Ice Beam|p2a: Chansey
|-crit|p2a: Chansey
|-damage|p2a: Chansey|522/703
|move|p2a: Chansey|Blizzard|p1a: Dragonite|[miss]
|-miss|p2a: Chansey
|
|upkeep
|turn|51
|inactive|Rycera has 120 seconds left.
|
|move|p1a: Dragonite|Ice Beam|p2a: Chansey
|-damage|p2a: Chansey|448/703
|move|p2a: Chansey|Blizzard|p1a: Dragonite
|-supereffective|p1a: Dragonite
|-damage|p1a: Dragonite|0 fnt
|faint|p1a: Dragonite
|inactive|Rycera has 120 seconds left.
|inactive|Rycera has 90 seconds left.
|
|switch|p1a: Tauros|Tauros|353/353
|turn|52
|
|switch|p2a: Golem|Golem|306/363
|move|p1a: Tauros|Earthquake|p2a: Golem
|-supereffective|p2a: Golem
|-damage|p2a: Golem|180/363
|
|upkeep
|turn|53
|inactive|Rycera has 90 seconds left.
|l|☆Rycera
|inactive|Rycera disconnected and has a minute to reconnect!
|player|p1|
|inactive|Rycera has 30 seconds to reconnect!
|inactive|Rycera has 20 seconds to reconnect!
|inactive|Rycera has 15 seconds to reconnect!
|inactive|Rycera has 10 seconds to reconnect!
|inactive|Rycera has 5 seconds to reconnect!
|-message|Rycera lost due to inactivity.
|
|win|Beelzemon 2003
|inactive|Rycera has 20 seconds left this turn.
|raw|Rycera's rating: 1133 &rarr; <strong>1126</strong><br />(-7 for losing)
|raw|Beelzemon 2003's rating: 1445 &rarr; <strong>1451</strong><br />(+6 for winning)
|l|☆Beelzemon 2003
|j|☆Rycera
|inactive|Rycera reconnected and has 20 seconds left.
|player|p1|Rycera|163
|c|☆Rycera|re...
