|j|☆LADDERENGEL
|j|☆layo_pokomongs
|player|p1|LADDERENGEL|25
|player|p2|layo_pokomongs|102
|teamsize|p1|6
|teamsize|p2|6
|gametype|singles
|gen|1
|tier|[Gen 1] OU
|rated|
|rule|Sleep Clause Mod: Limit one foe put to sleep
|rule|Freeze Clause Mod: Limit one foe frozen
|rule|Species Clause: Limit one of each Pokémon
|rule|OHKO Clause: OHKO moves are banned
|rule|Evasion Moves Clause: Evasion moves are banned
|rule|HP Percentage Mod: HP is shown in percentages
|
|start
|switch|p1a: Starmie|Starmie|323/323
|switch|p2a: Tauros|Tauros|353/353
|turn|1
|
|switch|p2a: Chansey|Chansey|703/703
|move|p1a: Starmie|Thunder Wave|p2a: Chansey
|-status|p2a: Chansey|par
|
|upkeep
|turn|2
|inactive|Battle timer is ON: inactive players will automatically lose when time's up. (requested by LADDERENGEL)
|
|move|p1a: Starmie|Psychic|p2a: Chansey
|-crit|p2a: Chansey
|-damage|p2a: Chansey|495/703 par
|cant|p2a: Chansey|par
|
|upkeep
|turn|3
|
|move|p1a: Starmie|Psychic|p2a: Chansey
|-crit|p2a: Chansey
|-damage|p2a: Chansey|310/703 par
|-unboost|p2a: Chansey|spd|1
|-unboost|p2a: Chansey|spa|1
|move|p2a: Chansey|Thunder Wave|p1a: Starmie
|-status|p1a: Starmie|par
|
|upkeep
|turn|4
|
|move|p1a: Starmie|Psychic|p2a: Chansey
|-damage|p2a: Chansey|155/703 par
|-unboost|p2a: Chansey|spd|1
|-unboost|p2a: Chansey|spa|1
|move|p2a: Chansey|Soft-Boiled|p2a: Chansey
|-heal|p2a: Chansey|506/703 par
|
|upkeep
|turn|5
|
|move|p1a: Starmie|Blizzard|p2a: Chansey
|-damage|p2a: Chansey|320/703 par
|cant|p2a: Chansey|par
|
|upkeep
|turn|6
|
|move|p1a: Starmie|Psychic|p2a: Chansey
|-damage|p2a: Chansey|128/703 par
|move|p2a: Chansey|Soft-Boiled|p2a: Chansey
|-heal|p2a: Chansey|479/703 par
|
|upkeep
|turn|7
|
|move|p1a: Starmie|Blizzard|p2a: Chansey|[miss]
|-miss|p1a: Starmie
|cant|p2a: Chansey|par
|
|upkeep
|turn|8
|
|move|p1a: Starmie|Psychic|p2a: Chansey
|-damage|p2a: Chansey|256/703 par
|move|p2a: Chansey|Ice Beam|p1a: Starmie
|-resisted|p1a: Starmie
|-damage|p1a: Starmie|306/323 par
|
|upkeep
|turn|9
|
|move|p1a: Starmie|Psychic|p2a: Chansey
|-damage|p2a: Chansey|51/703 par
|cant|p2a: Chansey|par
|
|upkeep
|turn|10
|
|cant|p1a: Starmie|par
|move|p2a: Chansey|Soft-Boiled|p2a: Chansey
|-heal|p2a: Chansey|402/703 par
|
|upkeep
|turn|11
|
|cant|p1a: Starmie|par
|move|p2a: Chansey|Ice Beam|p1a: Starmie
|-resisted|p1a: Starmie
|-damage|p1a: Starmie|286/323 par
|
|upkeep
|turn|12
|
|move|p1a: Starmie|Psychic|p2a: Chansey
|-damage|p2a: Chansey|190/703 par
|move|p2a: Chansey|Soft-Boiled|p2a: Chansey
|-heal|p2a: Chansey|541/703 par
|
|upkeep
|turn|13
|
|cant|p1a: Starmie|par
|move|p2a: Chansey|Ice Beam|p1a: Starmie
|-resisted|p1a: Starmie
|-damage|p1a: Starmie|268/323 par
|
|upkeep
|turn|14
|
|switch|p2a: Jolteon|Jolteon|333/333
|move|p1a: Starmie|Blizzard|p2a: Jolteon
|-damage|p2a: Jolteon|238/333
|
|upkeep
|turn|15
|
|switch|p1a: Chansey|Chansey|703/703
|move|p2a: Jolteon|Thunderbolt|p1a: Chansey
|-damage|p1a: Chansey|587/703
|
|upkeep
|turn|16
|
|move|p2a: Jolteon|Double Kick|p1a: Chansey
|-crit|p1a: Chansey
|-supereffective|p1a: Chansey
|-damage|p1a: Chansey|386/703
|-damage|p1a: Chansey|185/703
|-hitcount|p1a: Chansey|2
|move|p1a: Chansey|Soft-Boiled|p1a: Chansey
|-heal|p1a: Chansey|536/703
|
|upkeep
|turn|17
|
|move|p2a: Jolteon|Thunder Wave|p1a: Chansey
|-status|p1a: Chansey|par
|move|p1a: Chansey|Soft-Boiled|p1a: Chansey
|-heal|p1a: Chansey|703/703 par
|
|upkeep
|turn|18
|
|move|p2a: Jolteon|Double Kick|p1a: Chansey
|-crit|p1a: Chansey
|-supereffective|p1a: Chansey
|-damage|p1a: Chansey|516/703 par
|-damage|p1a: Chansey|329/703 par
|-hitcount|p1a: Chansey|2
|move|p1a: Chansey|Thunder Wave|p2a: Jolteon
|-status|p2a: Jolteon|par
|
|upkeep
|turn|19
|
|move|p2a: Jolteon|Double Kick|p1a: Chansey
|-crit|p1a: Chansey
|-supereffective|p1a: Chansey
|-damage|p1a: Chansey|124/703 par
|-damage|p1a: Chansey|0 fnt
|-hitcount|p1a: Chansey|2
|faint|p1a: Chansey
|
|switch|p1a: Snorlax|Snorlax, M|523/523
|turn|20
|
|move|p1a: Snorlax|Hyper Beam|p2a: Jolteon
|-crit|p2a: Jolteon
|-damage|p2a: Jolteon|0 fnt
|faint|p2a: Jolteon
|
|switch|p2a: Golem|Golem|363/363
|turn|21
|
|switch|p1a: Exeggutor|Exeggutor, M|393/393
|move|p2a: Golem|Submission|p1a: Exeggutor
|-resisted|p1a: Exeggutor
|-damage|p1a: Exeggutor|356/393
|-damage|p2a: Golem|354/363|[from] Recoil|[of] p1a: Exeggutor
|
|upkeep
|turn|22
|
|switch|p2a: Exeggutor|Exeggutor|393/393
|move|p1a: Exeggutor|Psychic|p2a: Exeggutor
|-resisted|p2a: Exeggutor
|-damage|p2a: Exeggutor|337/393
|-unboost|p2a: Exeggutor|spd|1
|-unboost|p2a: Exeggutor|spa|1
|
|upkeep
|turn|23
|
|switch|p1a: Starmie|Starmie|268/323 par
|move|p2a: Exeggutor|Sleep Powder|p1a: Starmie
|-fail|p1a: Starmie
|
|upkeep
|turn|24
|
|switch|p1a: Snorlax|Snorlax, M|523/523
|move|p2a: Exeggutor|Mega Drain|p1a: Snorlax
|-crit|p1a: Snorlax
|-damage|p1a: Snorlax|391/523
|-heal|p2a: Exeggutor|393/393|[from] drain|[of] p1a: Snorlax
|
|upkeep
|turn|25
|
|switch|p1a: Starmie|Starmie|268/323 par
|move|p2a: Exeggutor|Sleep Powder|p1a: Starmie
|-fail|p1a: Starmie
|
|upkeep
|turn|26
|
|move|p2a: Exeggutor|Mega Drain|p1a: Starmie
|-supereffective|p1a: Starmie
|-damage|p1a: Starmie|193/323 par
|move|p1a: Starmie|Thunder Wave|p2a: Exeggutor
|-status|p2a: Exeggutor|par
|
|upkeep
|turn|27
|
|move|p1a: Starmie|Recover|p1a: Starmie
|-heal|p1a: Starmie|323/323 par
|move|p2a: Exeggutor|Mega Drain|p1a: Starmie
|-supereffective|p1a: Starmie
|-damage|p1a: Starmie|248/323 par
|
|upkeep
|turn|28
|
|move|p1a: Starmie|Blizzard|p2a: Exeggutor
|-supereffective|p2a: Exeggutor
|-damage|p2a: Exeggutor|140/393 par
|move|p2a: Exeggutor|Explosion|p1a: Starmie
|-damage|p1a: Starmie|0 fnt
|faint|p1a: Starmie
|faint|p2a: Exeggutor
|
|switch|p1a: Snorlax|Snorlax, M|391/523
|switch|p2a: Chansey|Chansey|541/703 par
|turn|29
|
|move|p1a: Snorlax|Earthquake|p2a: Chansey
|-damage|p2a: Chansey|328/703 par
|cant|p2a: Chansey|par
|
|upkeep
|turn|30
|
|move|p1a: Snorlax|Body Slam|p2a: Chansey
|-damage|p2a: Chansey|52/703 par
|cant|p2a: Chansey|par
|
|upkeep
|turn|31
|
|move|p1a: Snorlax|Earthquake|p2a: Chansey
|-damage|p2a: Chansey|0 fnt
|faint|p2a: Chansey
|
|switch|p2a: Persian|Persian|333/333
|turn|32
|inactive|LADDERENGEL has 120 seconds left.
|
|move|p2a: Persian|Slash|p1a: Snorlax
|-crit|p1a: Snorlax
|-damage|p1a: Snorlax|216/523
|move|p1a: Snorlax|Body Slam|p2a: Persian
|-damage|p2a: Persian|190/333
|
|upkeep
|turn|33
|inactive|LADDERENGEL has 120 seconds left.
|
|move|p2a: Persian|Hyper Beam|p1a: Snorlax
|-damage|p1a: Snorlax|27/523
|-mustrecharge|p2a: Persian
|move|p1a: Snorlax|Hyper Beam|p2a: Persian
|-damage|p2a: Persian|0 fnt
|faint|p2a: Persian
|
|switch|p2a: Golem|Golem|354/363
|turn|34
|
|switch|p1a: Exeggutor|Exeggutor, M|356/393
|move|p2a: Golem|Rock Slide|p1a: Exeggutor
|-damage|p1a: Exeggutor|247/393
|
|upkeep
|turn|35
|
|move|p1a: Exeggutor|Sleep Powder|p2a: Golem
|-status|p2a: Golem|slp|[from] move: Sleep Powder
|cant|p2a: Golem|slp
|
|upkeep
|turn|36
|
|move|p1a: Exeggutor|Psychic|p2a: Golem
|-damage|p2a: Golem|188/363 slp
|-unboost|p2a: Golem|spd|1
|-unboost|p2a: Golem|spa|1
|cant|p2a: Golem|slp
|
|upkeep
|turn|37
|
|move|p1a: Exeggutor|Psychic|p2a: Golem
|-crit|p2a: Golem
|-damage|p2a: Golem|0 fnt
|faint|p2a: Golem
|
|switch|p2a: Tauros|Tauros|353/353
|turn|38
|
|move|p2a: Tauros|Hyper Beam|p1a: Exeggutor
|-damage|p1a: Exeggutor|51/393
|-mustrecharge|p2a: Tauros
|move|p1a: Exeggutor|Explosion|p2a: Tauros
|-damage|p2a: Tauros|105/353
|faint|p1a: Exeggutor
|
|switch|p1a: Jolteon|Jolteon, M|333/333
|turn|39
|
|move|p1a: Jolteon|Thunderbolt|p2a: Tauros
|-damage|p2a: Tauros|0 fnt
|faint|p2a: Tauros
|
|win|LADDERENGEL
|raw|LADDERENGEL's rating: 1040 &rarr; <strong>1070</strong><br />(+30 for winning)
|raw|layo_pokomongs's rating: 1000 &rarr; <strong>1000</strong><br />(+0 for losing)
|l|☆layo_pokomongs
