|j|☆Ejthewolf
|j|☆Honig
|player|p1|Ejthewolf|223
|player|p2|Honig|107
|teamsize|p1|6
|teamsize|p2|6
|gametype|singles
|gen|1
|tier|[Gen 1] OU
|rated|
|rule|Sleep Clause Mod: Limit one foe put to sleep
|rule|Freeze Clause Mod: Limit one foe frozen
|rule|Species Clause: Limit one of each Pokémon
|rule|OHKO Clause: OHKO moves are banned
|rule|Evasion Moves Clause: Evasion moves are banned
|rule|HP Percentage Mod: HP is shown in percentages
|
|start
|switch|p1a: Alakazam|Alakazam|313/313
|switch|p2a: SingStar|Jynx|333/333
|turn|1
|
|move|p1a: Alakazam|Thunder Wave|p2a: SingStar
|-status|p2a: SingStar|par
|move|p2a: SingStar|Lovely Kiss|p1a: Alakazam|[miss]
|-miss|p2a: SingStar
|
|upkeep
|turn|2
|inactive|Battle timer is ON: inactive players will automatically lose when time's up. (requested by Honig)
|
|move|p1a: Alakazam|Seismic Toss|p2a: SingStar
|-damage|p2a: SingStar|233/333 par
|cant|p2a: SingStar|par
|
|upkeep
|turn|3
|
|move|p1a: Alakazam|Seismic Toss|p2a: SingStar
|-damage|p2a: SingStar|133/333 par
|move|p2a: SingStar|Lovely Kiss|p1a: Alakazam
|-status|p1a: Alakazam|slp|[from] move: Lovely Kiss
|
|upkeep
|turn|4
|
|switch|p2a: Narwhale|Rhydon|413/413
|-curestatus|p1a: Alakazam|slp|[msg]
|
|upkeep
|turn|5
|
|move|p1a: Alakazam|Psychic|p2a: Narwhale
|-crit|p2a: Narwhale
|-damage|p2a: Narwhale|18/413
|move|p2a: Narwhale|Earthquake|p1a: Alakazam
|-damage|p1a: Alakazam|82/313
|
|upkeep
|turn|6
|
|switch|p2a: SuperStar|Starmie|323/323
|move|p1a: Alakazam|Psychic|p2a: SuperStar
|-crit|p2a: SuperStar
|-resisted|p2a: SuperStar
|-damage|p2a: SuperStar|197/323
|-unboost|p2a: SuperStar|spd|1
|-unboost|p2a: SuperStar|spa|1
|
|upkeep
|turn|7
|
|move|p1a: Alakazam|Recover|p1a: Alakazam
|-heal|p1a: Alakazam|238/313
|move|p2a: SuperStar|Thunder Wave|p1a: Alakazam
|-status|p1a: Alakazam|par
|
|upkeep
|turn|8
|
|switch|p2a: SingStar|Jynx|133/333 par
|move|p1a: Alakazam|Recover|p1a: Alakazam
|-heal|p1a: Alakazam|313/313 par
|
|upkeep
|turn|9
|
|switch|p2a: TheEggWonder|Chansey|703/703
|move|p1a: Alakazam|Seismic Toss|p2a: TheEggWonder
|-damage|p2a: TheEggWonder|603/703
|
|upkeep
|turn|10
|
|move|p2a: TheEggWonder|Seismic Toss|p1a: Alakazam
|-damage|p1a: Alakazam|213/313 par
|move|p1a: Alakazam|Psychic|p2a: TheEggWonder
|-damage|p2a: TheEggWonder|486/703
|
|upkeep
|turn|11
|
|move|p2a: TheEggWonder|Seismic Toss|p1a: Alakazam
|-damage|p1a: Alakazam|113/313 par
|move|p1a: Alakazam|Recover|p1a: Alakazam
|-heal|p1a: Alakazam|269/313 par
|
|upkeep
|turn|12
|
|move|p2a: TheEggWonder|Seismic Toss|p1a: Alakazam
|-damage|p1a: Alakazam|169/313 par
|move|p1a: Alakazam|Psychic|p2a: TheEggWonder
|-damage|p2a: TheEggWonder|354/703
|
|upkeep
|turn|13
|
|move|p2a: TheEggWonder|Seismic Toss|p1a: Alakazam
|-damage|p1a: Alakazam|69/313 par
|move|p1a: Alakazam|Recover|p1a: Alakazam
|-heal|p1a: Alakazam|225/313 par
|
|upkeep
|turn|14
|
|move|p2a: TheEggWonder|Seismic Toss|p1a: Alakazam
|-damage|p1a: Alakazam|125/313 par
|move|p1a: Alakazam|Recover|p1a: Alakazam
|-heal|p1a: Alakazam|281/313 par
|
|upkeep
|turn|15
|
|move|p2a: TheEggWonder|Soft-Boiled|p2a: TheEggWonder
|-heal|p2a: TheEggWonder|703/703
|move|p1a: Alakazam|Psychic|p2a: TheEggWonder
|-damage|p2a: TheEggWonder|575/703
|
|upkeep
|turn|16
|
|move|p2a: TheEggWonder|Seismic Toss|p1a: Alakazam
|-damage|p1a: Alakazam|181/313 par
|move|p1a: Alakazam|Psychic|p2a: TheEggWonder
|-damage|p2a: TheEggWonder|437/703
|
|upkeep
|turn|17
|
|move|p2a: TheEggWonder|Seismic Toss|p1a: Alakazam
|-damage|p1a: Alakazam|81/313 par
|cant|p1a: Alakazam|par
|
|upkeep
|turn|18
|
|switch|p1a: Chansey|Chansey|703/703
|move|p2a: TheEggWonder|Seismic Toss|p1a: Chansey
|-damage|p1a: Chansey|603/703
|
|upkeep
|turn|19
|
|switch|p2a: SingStar|Jynx|133/333 par
|move|p1a: Chansey|Ice Beam|p2a: SingStar
|-resisted|p2a: SingStar
|-damage|p2a: SingStar|94/333 par
|
|upkeep
|turn|20
|
|move|p1a: Chansey|Thunderbolt|p2a: SingStar
|-damage|p2a: SingStar|8/333 par
|move|p2a: SingStar|Lovely Kiss|p1a: Chansey
|-status|p1a: Chansey|slp|[from] move: Lovely Kiss
|
|upkeep
|turn|21
|
|switch|p2a: Champignon|Machamp|383/383
|cant|p1a: Chansey|slp
|
|upkeep
|turn|22
|
|switch|p1a: Starmie|Starmie|323/323
|move|p2a: Champignon|Body Slam|p1a: Starmie
|-damage|p1a: Starmie|239/323
|
|upkeep
|turn|23
|
|switch|p2a: SuperStar|Starmie|197/323
|move|p1a: Starmie|Psychic|p2a: SuperStar
|-resisted|p2a: SuperStar
|-damage|p2a: SuperStar|148/323
|-unboost|p2a: SuperStar|spd|1
|-unboost|p2a: SuperStar|spa|1
|
|upkeep
|turn|24
|
|switch|p1a: Chansey|Chansey|603/703 slp
|move|p2a: SuperStar|Thunder Wave|p1a: Chansey
|-fail|p1a: Chansey
|
|upkeep
|turn|25
|
|switch|p2a: Champignon|Machamp|383/383
|cant|p1a: Chansey|slp
|
|upkeep
|turn|26
|
|switch|p1a: Exeggutor|Exeggutor|393/393
|move|p2a: Champignon|Body Slam|p1a: Exeggutor
|-damage|p1a: Exeggutor|301/393
|-status|p1a: Exeggutor|par
|
|upkeep
|turn|27
|
|switch|p2a: SingStar|Jynx|8/333 par
|move|p1a: Exeggutor|Psychic|p2a: SingStar
|-resisted|p2a: SingStar
|-damage|p2a: SingStar|0 fnt
|faint|p2a: SingStar
|
|switch|p2a: SuperStar|Starmie|148/323
|turn|28
|
|move|p2a: SuperStar|Blizzard|p1a: Exeggutor
|-supereffective|p1a: Exeggutor
|-damage|p1a: Exeggutor|134/393 par
|move|p1a: Exeggutor|Explosion|p2a: SuperStar
|-damage|p2a: SuperStar|0 fnt
|faint|p2a: SuperStar
|faint|p1a: Exeggutor
|
|switch|p2a: TheEggWonder|Chansey|437/703
|switch|p1a: Snorlax|Snorlax|523/523
|turn|29
|
|move|p2a: TheEggWonder|Seismic Toss|p1a: Snorlax
|-damage|p1a: Snorlax|423/523
|move|p1a: Snorlax|Reflect|p1a: Snorlax
|-start|p1a: Snorlax|Reflect
|
|upkeep
|turn|30
|
|move|p2a: TheEggWonder|Thunder Wave|p1a: Snorlax
|-status|p1a: Snorlax|par
|cant|p1a: Snorlax|par
|
|upkeep
|turn|31
|
|switch|p2a: Champignon|Machamp|383/383
|move|p1a: Snorlax|Ice Beam|p2a: Champignon
|-damage|p2a: Champignon|311/383
|
|upkeep
|turn|32
|
|switch|p1a: Starmie|Starmie|239/323
|move|p2a: Champignon|Body Slam|p1a: Starmie
|-damage|p1a: Starmie|152/323
|
|upkeep
|turn|33
|
|move|p1a: Starmie|Recover|p1a: Starmie
|-heal|p1a: Starmie|313/323
|move|p2a: Champignon|Body Slam|p1a: Starmie
|-damage|p1a: Starmie|228/323
|-status|p1a: Starmie|par
|
|upkeep
|turn|34
|
|move|p2a: Champignon|Earthquake|p1a: Starmie
|-damage|p1a: Starmie|122/323 par
|move|p1a: Starmie|Psychic|p2a: Champignon
|-crit|p2a: Champignon
|-supereffective|p2a: Champignon
|-damage|p2a: Champignon|0 fnt
|faint|p2a: Champignon
|
|switch|p2a: Narwhale|Rhydon|18/413
|turn|35
|
|switch|p1a: Alakazam|Alakazam|81/313 par
|move|p2a: Narwhale|Earthquake|p1a: Alakazam
|-damage|p1a: Alakazam|0 fnt
|faint|p1a: Alakazam
|
|switch|p1a: Tauros|Tauros|353/353
|turn|36
|
|switch|p2a: TheEggWonder|Chansey|437/703
|move|p1a: Tauros|Body Slam|p2a: TheEggWonder
|-crit|p2a: TheEggWonder
|-damage|p2a: TheEggWonder|0 fnt
|faint|p2a: TheEggWonder
|
|switch|p2a: TheBoss|Tauros|353/353
|turn|37
|
|move|p2a: TheBoss|Body Slam|p1a: Tauros
|-damage|p1a: Tauros|252/353
|move|p1a: Tauros|Fire Blast|p2a: TheBoss|[miss]
|-miss|p1a: Tauros
|
|upkeep
|turn|38
|
|move|p2a: TheBoss|Body Slam|p1a: Tauros
|-damage|p1a: Tauros|154/353
|move|p1a: Tauros|Body Slam|p2a: TheBoss
|-damage|p2a: TheBoss|248/353
|
|upkeep
|turn|39
|
|move|p1a: Tauros|Hyper Beam|p2a: TheBoss
|-damage|p2a: TheBoss|78/353
|-mustrecharge|p1a: Tauros
|move|p2a: TheBoss|Hyper Beam|p1a: Tauros|[miss]
|-miss|p2a: TheBoss
|
|upkeep
|turn|40
|
|move|p2a: TheBoss|Hyper Beam|p1a: Tauros
|-damage|p1a: Tauros|0 fnt
|faint|p1a: Tauros
|
|switch|p1a: Snorlax|Snorlax|423/523 par
|turn|41
|
|move|p2a: TheBoss|Body Slam|p1a: Snorlax
|-crit|p1a: Snorlax
|-damage|p1a: Snorlax|159/523 par
|cant|p1a: Snorlax|par
|
|upkeep
|turn|42
|
|move|p2a: TheBoss|Hyper Beam|p1a: Snorlax
|-damage|p1a: Snorlax|0 fnt
|faint|p1a: Snorlax
|
|switch|p1a: Starmie|Starmie|122/323 par
|turn|43
|
|move|p2a: TheBoss|Hyper Beam|p1a: Starmie
|-crit|p1a: Starmie
|-damage|p1a: Starmie|0 fnt
|faint|p1a: Starmie
|c|☆Ejthewolf|Gg
|
|switch|p1a: Chansey|Chansey|603/703 slp
|turn|44
|
|move|p2a: TheBoss|Body Slam|p1a: Chansey
|-crit|p1a: Chansey
|-damage|p1a: Chansey|84/703 slp
|cant|p1a: Chansey|slp
|
|upkeep
|turn|45
|c|☆Honig|gg
|
|move|p2a: TheBoss|Body Slam|p1a: Chansey
|-damage|p1a: Chansey|0 fnt
|faint|p1a: Chansey
|
|win|Honig
|l|☆Ejthewolf
