|j|☆tamer lancer
|j|☆SempaiLugia
|player|p1|tamer lancer|tamer-gen1rb
|player|p2|SempaiLugia|1
|teamsize|p1|6
|teamsize|p2|6
|gametype|singles
|gen|1
|tier|[Gen 1] OU
|rated|
|rule|Sleep Clause Mod: Limit one foe put to sleep
|rule|Freeze Clause Mod: Limit one foe frozen
|rule|Species Clause: Limit one of each Pokémon
|rule|OHKO Clause: OHKO moves are banned
|rule|Evasion Moves Clause: Evasion moves are banned
|rule|HP Percentage Mod: HP is shown in percentages
|
|start
|switch|p1a: Electrode|Electrode|323/323
|switch|p2a: Gengar|Gengar|323/323
|turn|1
|
|move|p1a: Electrode|Thunder Wave|p2a: Gengar
|-status|p2a: Gengar|par
|cant|p2a: Gengar|par
|
|upkeep
|turn|2
|
|switch|p1a: Ditto|Ditto|299/299
|move|p2a: Gengar|Hypnosis|p1a: Ditto
|-status|p1a: Ditto|slp|[from] move: Hypnosis
|
|upkeep
|turn|3
|
|switch|p1a: Alakazam|Alakazam|313/313
|cant|p2a: Gengar|par
|
|upkeep
|turn|4
|
|switch|p2a: Chansey|Chansey|703/703
|move|p1a: Alakazam|Psychic|p2a: Chansey
|-damage|p2a: Chansey|575/703
|
|upkeep
|turn|5
|
|move|p1a: Alakazam|Thunder Wave|p2a: Chansey
|-status|p2a: Chansey|par
|move|p2a: Chansey|Ice Beam|p1a: Alakazam
|-damage|p1a: Alakazam|255/313
|
|upkeep
|turn|6
|
|switch|p1a: Slowbro|Slowbro|393/393
|move|p2a: Chansey|Ice Beam|p1a: Slowbro
|-resisted|p1a: Slowbro
|-damage|p1a: Slowbro|351/393
|
|upkeep
|turn|7
|
|switch|p2a: Snorlax|Snorlax|523/523
|move|p1a: Slowbro|Amnesia|p1a: Slowbro
|-boost|p1a: Slowbro|spd|2
|-boost|p1a: Slowbro|spa|2
|
|upkeep
|turn|8
|
|move|p1a: Slowbro|Psychic|p2a: Snorlax
|-damage|p2a: Snorlax|283/523
|move|p2a: Snorlax|Amnesia|p2a: Snorlax
|-boost|p2a: Snorlax|spd|2
|-boost|p2a: Snorlax|spa|2
|
|upkeep
|turn|9
|
|move|p2a: Snorlax|Amnesia|p2a: Snorlax
|-boost|p2a: Snorlax|spd|2
|-boost|p2a: Snorlax|spa|2
|move|p1a: Slowbro|Ice Beam|p2a: Snorlax
|-damage|p2a: Snorlax|224/523
|
|upkeep
|turn|10
|
|move|p1a: Slowbro|Ice Beam|p2a: Snorlax
|-damage|p2a: Snorlax|167/523
|move|p2a: Snorlax|Ice Beam|p1a: Slowbro
|-resisted|p1a: Slowbro
|-damage|p1a: Slowbro|299/393
|
|upkeep
|turn|11
|
|move|p1a: Slowbro|Ice Beam|p2a: Snorlax
|-damage|p2a: Snorlax|114/523
|-status|p2a: Snorlax|frz
|cant|p2a: Snorlax|frz
|
|upkeep
|turn|12
|
|switch|p2a: Exeggutor|Exeggutor|393/393
|move|p1a: Slowbro|Amnesia|p1a: Slowbro
|-boost|p1a: Slowbro|spd|2
|-boost|p1a: Slowbro|spa|2
|
|upkeep
|turn|13
|
|move|p2a: Exeggutor|Explosion|p1a: Slowbro
|-damage|p1a: Slowbro|67/393
|faint|p2a: Exeggutor
|
|switch|p2a: Tauros|Tauros|353/353
|turn|14
|
|switch|p1a: Gengar|Gengar|323/323
|move|p2a: Tauros|Hyper Beam|p1a: Gengar
|-immune|p1a: Gengar
|
|upkeep
|turn|15
|
|move|p1a: Gengar|Hypnosis|p2a: Tauros
|-status|p2a: Tauros|slp|[from] move: Hypnosis
|cant|p2a: Tauros|slp
|
|upkeep
|turn|16
|
|switch|p1a: Slowbro|Slowbro|67/393
|cant|p2a: Tauros|slp
|
|upkeep
|turn|17
|
|switch|p2a: Starmie|Starmie|323/323
|move|p1a: Slowbro|Rest|p1a: Slowbro
|-status|p1a: Slowbro|slp|[from] move: Rest
|-heal|p1a: Slowbro|393/393 slp|[silent]
|
|upkeep
|turn|18
|
|switch|p1a: Alakazam|Alakazam|255/313
|move|p2a: Starmie|Thunderbolt|p1a: Alakazam
|-damage|p1a: Alakazam|193/313
|
|upkeep
|turn|19
|
|switch|p2a: Tauros|Tauros|353/353 slp
|move|p1a: Alakazam|Thunder Wave|p2a: Tauros
|-fail|p2a: Tauros
|
|upkeep
|turn|20
|
|move|p1a: Alakazam|Recover|p1a: Alakazam
|-heal|p1a: Alakazam|313/313
|cant|p2a: Tauros|slp
|
|upkeep
|turn|21
|
|move|p1a: Alakazam|Psychic|p2a: Tauros
|-damage|p2a: Tauros|184/353 slp
|cant|p2a: Tauros|slp
|
|upkeep
|turn|22
|
|move|p1a: Alakazam|Psychic|p2a: Tauros
|-damage|p2a: Tauros|10/353 slp
|-unboost|p2a: Tauros|spd|1
|-unboost|p2a: Tauros|spa|1
|cant|p2a: Tauros|slp
|
|upkeep
|turn|23
|
|switch|p2a: Starmie|Starmie|323/323
|move|p1a: Alakazam|Psychic|p2a: Starmie
|-resisted|p2a: Starmie
|-damage|p2a: Starmie|254/323
|
|upkeep
|turn|24
|
|switch|p2a: Chansey|Chansey|575/703 par
|move|p1a: Alakazam|Thunder Wave|p2a: Chansey
|-fail|p2a: Chansey|par
|
|upkeep
|turn|25
|
|switch|p1a: Slowbro|Slowbro|393/393 slp
|cant|p2a: Chansey|par
|
|upkeep
|turn|26
|
|switch|p2a: Starmie|Starmie|254/323
|cant|p1a: Slowbro|slp
|
|upkeep
|turn|27
|
|switch|p1a: Electrode|Electrode|323/323
|move|p2a: Starmie|Thunderbolt|p1a: Electrode
|-resisted|p1a: Electrode
|-damage|p1a: Electrode|276/323
|
|upkeep
|turn|28
|
|switch|p2a: Gengar|Gengar|323/323 par
|move|p1a: Electrode|Thunder|p2a: Gengar|[miss]
|-miss|p1a: Electrode
|
|upkeep
|turn|29
|
|move|p1a: Electrode|Thunder|p2a: Gengar
|-crit|p2a: Gengar
|-damage|p2a: Gengar|130/323 par
|move|p2a: Gengar|Night Shade|p1a: Electrode
|-damage|p1a: Electrode|176/323
|
|upkeep
|turn|30
|
|switch|p1a: Slowbro|Slowbro|393/393 slp
|move|p2a: Gengar|Explosion|p1a: Slowbro
|-damage|p1a: Slowbro|202/393 slp
|faint|p2a: Gengar
|
|switch|p2a: Starmie|Starmie|254/323
|turn|31
|
|switch|p1a: Alakazam|Alakazam|313/313
|move|p2a: Starmie|Thunderbolt|p1a: Alakazam
|-damage|p1a: Alakazam|249/313
|
|upkeep
|turn|32
|
|switch|p2a: Chansey|Chansey|575/703 par
|move|p1a: Alakazam|Thunder Wave|p2a: Chansey
|-fail|p2a: Chansey|par
|
|upkeep
|turn|33
|
|move|p1a: Alakazam|Recover|p1a: Alakazam
|-heal|p1a: Alakazam|313/313
|move|p2a: Chansey|Thunderbolt|p1a: Alakazam
|-damage|p1a: Alakazam|246/313
|
|upkeep
|turn|34
|
|switch|p1a: Ditto|Ditto|299/299 slp
|move|p2a: Chansey|Thunderbolt|p1a: Ditto
|-damage|p1a: Ditto|175/299 slp
|
|upkeep
|turn|35
|
|switch|p2a: Tauros|Tauros|10/353 slp
|cant|p1a: Ditto|slp
|
|upkeep
|turn|36
|
|switch|p1a: Slowbro|Slowbro|202/393 slp
|-curestatus|p2a: Tauros|slp|[msg]
|
|upkeep
|turn|37
|
|move|p2a: Tauros|Body Slam|p1a: Slowbro
|-damage|p1a: Slowbro|106/393 slp
|-curestatus|p1a: Slowbro|slp|[msg]
|
|upkeep
|turn|38
|
|switch|p1a: Gengar|Gengar|323/323
|move|p2a: Tauros|Hyper Beam|p1a: Gengar
|-immune|p1a: Gengar
|
|upkeep
|turn|39
|
|switch|p2a: Chansey|Chansey|575/703 par
|move|p1a: Gengar|Mega Drain|p2a: Chansey
|-damage|p2a: Chansey|540/703 par
|
|upkeep
|turn|40
|
|move|p1a: Gengar|Confuse Ray|p2a: Chansey
|-start|p2a: Chansey|confusion
|-activate|p2a: Chansey|confusion
|move|p2a: Chansey|Sing|p1a: Gengar|[miss]
|-miss|p2a: Chansey
|
|upkeep
|turn|41
|
|move|p1a: Gengar|Mega Drain|p2a: Chansey
|-damage|p2a: Chansey|502/703 par
|-activate|p2a: Chansey|confusion
|move|p2a: Chansey|Sing|p1a: Gengar|[miss]
|-miss|p2a: Chansey
|
|upkeep
|turn|42
|
|move|p1a: Gengar|Explosion|p2a: Chansey
|-crit|p2a: Chansey
|-damage|p2a: Chansey|0 fnt
|faint|p2a: Chansey
|faint|p1a: Gengar
|
|switch|p1a: Alakazam|Alakazam|246/313
|switch|p2a: Starmie|Starmie|254/323
|turn|43
|
|move|p1a: Alakazam|Thunder Wave|p2a: Starmie
|-status|p2a: Starmie|par
|move|p2a: Starmie|Thunder Wave|p1a: Alakazam
|-status|p1a: Alakazam|par
|
|upkeep
|turn|44
|
|cant|p1a: Alakazam|par
|move|p2a: Starmie|Blizzard|p1a: Alakazam
|-crit|p1a: Alakazam
|-damage|p1a: Alakazam|103/313 par
|
|upkeep
|turn|45
|
|switch|p2a: Tauros|Tauros|10/353
|move|p1a: Alakazam|Recover|p1a: Alakazam
|-heal|p1a: Alakazam|259/313 par
|
|upkeep
|turn|46
|
|switch|p1a: Ditto|Ditto|175/299 slp
|move|p2a: Tauros|Hyper Beam|p1a: Ditto
|-damage|p1a: Ditto|0 fnt
|faint|p1a: Ditto
|
|switch|p1a: Electrode|Electrode|176/323
|turn|47
|
|switch|p2a: Snorlax|Snorlax|114/523 frz
|move|p1a: Electrode|Thunder|p2a: Snorlax
|-damage|p2a: Snorlax|0 fnt
|faint|p2a: Snorlax
|
|switch|p2a: Tauros|Tauros|10/353
|turn|48
|
|move|p1a: Electrode|Thunder|p2a: Tauros
|-damage|p2a: Tauros|0 fnt
|faint|p2a: Tauros
|-message|SempaiLugia forfeited.
|
|win|tamer lancer
|l|☆SempaiLugia
||Ladder (probably) updated, but score could not be retrieved (Response not received).
|j|☆SempaiLugia
|player|p2|SempaiLugia|1
|l|☆SempaiLugia
|player|p2|
