|j|☆SempaiLugia
|j|☆7 Tools
|player|p1|SempaiLugia|1
|player|p2|7 Tools|richboy-gen3
|teamsize|p1|6
|teamsize|p2|6
|gametype|singles
|gen|1
|tier|[Gen 1] OU
|rated|
|rule|Sleep Clause Mod: Limit one foe put to sleep
|rule|Freeze Clause Mod: Limit one foe frozen
|rule|Species Clause: Limit one of each Pokémon
|rule|OHKO Clause: OHKO moves are banned
|rule|Evasion Moves Clause: Evasion moves are banned
|rule|HP Percentage Mod: HP is shown in percentages
|
|start
|switch|p1a: Gengar|Gengar|323/323
|switch|p2a: Starmie|Starmie|323/323
|turn|1
|
|switch|p1a: Chansey|Chansey|703/703
|move|p2a: Starmie|Thunder Wave|p1a: Chansey
|-status|p1a: Chansey|par
|
|upkeep
|turn|2
|
|move|p2a: Starmie|Psychic|p1a: Chansey
|-damage|p1a: Chansey|607/703 par
|cant|p1a: Chansey|par
|
|upkeep
|turn|3
|
|switch|p2a: Snorlax|Snorlax|523/523
|move|p1a: Chansey|Thunderbolt|p2a: Snorlax
|-damage|p2a: Snorlax|429/523
|
|upkeep
|turn|4
|
|move|p2a: Snorlax|Earthquake|p1a: Chansey
|-damage|p1a: Chansey|374/703 par
|move|p1a: Chansey|Sing|p2a: Snorlax|[miss]
|-miss|p1a: Chansey
|
|upkeep
|turn|5
|
|switch|p1a: Exeggutor|Exeggutor|393/393
|move|p2a: Snorlax|Body Slam|p1a: Exeggutor
|-damage|p1a: Exeggutor|275/393
|-status|p1a: Exeggutor|par
|
|upkeep
|turn|6
|
|move|p2a: Snorlax|Body Slam|p1a: Exeggutor
|-damage|p1a: Exeggutor|149/393 par
|cant|p1a: Exeggutor|par
|
|upkeep
|turn|7
|
|move|p2a: Snorlax|Body Slam|p1a: Exeggutor
|-damage|p1a: Exeggutor|39/393 par
|move|p1a: Exeggutor|Sleep Powder|p2a: Snorlax
|-status|p2a: Snorlax|slp|[from] move: Sleep Powder
|
|upkeep
|turn|8
|
|cant|p2a: Snorlax|slp
|move|p1a: Exeggutor|Mega Drain|p2a: Snorlax
|-damage|p2a: Snorlax|362/523 slp
|-heal|p1a: Exeggutor|72/393 par|[from] drain|[of] p2a: Snorlax
|
|upkeep
|turn|9
|
|cant|p2a: Snorlax|slp
|cant|p1a: Exeggutor|par
|
|upkeep
|turn|10
|
|cant|p2a: Snorlax|slp
|cant|p1a: Exeggutor|par
|
|upkeep
|turn|11
|
|cant|p2a: Snorlax|slp
|move|p1a: Exeggutor|Psychic|p2a: Snorlax
|-damage|p2a: Snorlax|190/523 slp
|
|upkeep
|turn|12
|
|switch|p2a: Starmie|Starmie|323/323
|cant|p1a: Exeggutor|par
|
|upkeep
|turn|13
|
|move|p2a: Starmie|Psychic|p1a: Exeggutor
|-resisted|p1a: Exeggutor
|-damage|p1a: Exeggutor|24/393 par
|cant|p1a: Exeggutor|par
|
|upkeep
|turn|14
|
|move|p2a: Starmie|Psychic|p1a: Exeggutor
|-resisted|p1a: Exeggutor
|-damage|p1a: Exeggutor|0 fnt
|faint|p1a: Exeggutor
|
|switch|p1a: Chansey|Chansey|374/703 par
|turn|15
|inactive|Battle timer is ON: inactive players will automatically lose when time's up. (requested by SempaiLugia)
|
|switch|p2a: Tauros|Tauros|353/353
|cant|p1a: Chansey|par
|
|upkeep
|turn|16
|
|switch|p1a: Gengar|Gengar|323/323
|move|p2a: Tauros|Body Slam|p1a: Gengar
|-immune|p1a: Gengar
|
|upkeep
|turn|17
|
|move|p1a: Gengar|Thunderbolt|p2a: Tauros
|-damage|p2a: Tauros|245/353
|move|p2a: Tauros|Earthquake|p1a: Gengar
|-supereffective|p1a: Gengar
|-damage|p1a: Gengar|94/323
|
|upkeep
|turn|18
|
|move|p2a: Tauros|Earthquake|p1a: Gengar
|-crit|p1a: Gengar
|-supereffective|p1a: Gengar
|-damage|p1a: Gengar|0 fnt
|faint|p1a: Gengar
|
|switch|p1a: Starmie|Starmie|323/323
|turn|19
|
|switch|p2a: Chansey|Chansey|703/703
|move|p1a: Starmie|Blizzard|p2a: Chansey
|-damage|p2a: Chansey|611/703
|
|upkeep
|turn|20
|
|switch|p1a: Chansey|Chansey|374/703 par
|move|p2a: Chansey|Thunder Wave|p1a: Chansey
|-fail|p1a: Chansey|par
|
|upkeep
|turn|21
|
|switch|p2a: Tauros|Tauros|245/353
|move|p1a: Chansey|Soft-Boiled|p1a: Chansey
|-heal|p1a: Chansey|703/703 par
|
|upkeep
|turn|22
|
|switch|p1a: Starmie|Starmie|323/323
|move|p2a: Tauros|Body Slam|p1a: Starmie
|-damage|p1a: Starmie|203/323
|-status|p1a: Starmie|par
|
|upkeep
|turn|23
|
|move|p2a: Tauros|Body Slam|p1a: Starmie
|-damage|p1a: Starmie|89/323 par
|move|p1a: Starmie|Blizzard|p2a: Tauros
|-damage|p2a: Tauros|123/353
|
|upkeep
|turn|24
|
|move|p2a: Tauros|Body Slam|p1a: Starmie
|-damage|p1a: Starmie|0 fnt
|faint|p1a: Starmie
|
|switch|p1a: Tauros|Tauros|353/353
|turn|25
|
|switch|p2a: Rhydon|Rhydon|413/413
|move|p1a: Tauros|Hyper Beam|p2a: Rhydon
|-resisted|p2a: Rhydon
|-damage|p2a: Rhydon|334/413
|-mustrecharge|p1a: Tauros
|
|upkeep
|turn|26
|
|switch|p2a: Starmie|Starmie|323/323
|cant|p1a: Tauros|recharge
|
|upkeep
|turn|27
|
|switch|p1a: Snorlax|Snorlax|523/523
|move|p2a: Starmie|Thunder Wave|p1a: Snorlax
|-status|p1a: Snorlax|par
|
|upkeep
|turn|28
|
|switch|p2a: Chansey|Chansey|611/703
|cant|p1a: Snorlax|par
|
|upkeep
|turn|29
|
|move|p2a: Chansey|Thunderbolt|p1a: Snorlax
|-damage|p1a: Snorlax|425/523 par
|move|p1a: Snorlax|Amnesia|p1a: Snorlax
|-boost|p1a: Snorlax|spd|2
|-boost|p1a: Snorlax|spa|2
|
|upkeep
|turn|30
|
|switch|p2a: Victreebel|Victreebel|363/363
|cant|p1a: Snorlax|par
|
|upkeep
|turn|31
|
|move|p2a: Victreebel|Wrap|p1a: Snorlax
|-damage|p1a: Snorlax|409/523 par
|cant|p1a: Snorlax|partiallytrapped
|
|upkeep
|turn|32
|
|move|p2a: Victreebel|Wrap|p1a: Snorlax|[from]Wrap
|-damage|p1a: Snorlax|393/523 par
|cant|p1a: Snorlax|partiallytrapped
|
|upkeep
|turn|33
|
|move|p2a: Victreebel|Wrap|p1a: Snorlax|[from]Wrap
|-damage|p1a: Snorlax|377/523 par
|cant|p1a: Snorlax|partiallytrapped
|
|upkeep
|turn|34
|
|move|p2a: Victreebel|Wrap|p1a: Snorlax
|-damage|p1a: Snorlax|361/523 par
|cant|p1a: Snorlax|partiallytrapped
|
|upkeep
|turn|35
|
|move|p2a: Victreebel|Wrap|p1a: Snorlax|[from]Wrap
|-damage|p1a: Snorlax|345/523 par
|cant|p1a: Snorlax|partiallytrapped
|
|upkeep
|turn|36
|
|move|p2a: Victreebel|Wrap|p1a: Snorlax|[from]Wrap
|-damage|p1a: Snorlax|329/523 par
|cant|p1a: Snorlax|partiallytrapped
|
|upkeep
|turn|37
|
|move|p2a: Victreebel|Wrap|p1a: Snorlax|[miss]
|-miss|p2a: Victreebel
|move|p1a: Snorlax|Blizzard|p2a: Victreebel
|-supereffective|p2a: Victreebel
|-damage|p2a: Victreebel|89/363
|
|upkeep
|turn|38
|
|move|p2a: Victreebel|Wrap|p1a: Snorlax
|-damage|p1a: Snorlax|311/523 par
|cant|p1a: Snorlax|partiallytrapped
|
|upkeep
|turn|39
|
|move|p2a: Victreebel|Wrap|p1a: Snorlax|[from]Wrap
|-damage|p1a: Snorlax|293/523 par
|cant|p1a: Snorlax|partiallytrapped
|
|upkeep
|turn|40
|
|move|p2a: Victreebel|Wrap|p1a: Snorlax|[from]Wrap
|-damage|p1a: Snorlax|275/523 par
|cant|p1a: Snorlax|partiallytrapped
|
|upkeep
|turn|41
|
|move|p2a: Victreebel|Wrap|p1a: Snorlax
|-damage|p1a: Snorlax|257/523 par
|cant|p1a: Snorlax|partiallytrapped
|
|upkeep
|turn|42
|
|switch|p1a: Chansey|Chansey|703/703 par
|move|p2a: Victreebel|Wrap|p1a: Chansey
|-crit|p1a: Chansey
|-damage|p1a: Chansey|632/703 par
|
|upkeep
|turn|43
|
|move|p2a: Victreebel|Wrap|p1a: Chansey|[from]Wrap
|-damage|p1a: Chansey|561/703 par
|cant|p1a: Chansey|partiallytrapped
|
|upkeep
|turn|44
|
|move|p2a: Victreebel|Wrap|p1a: Chansey|[from]Wrap
|-damage|p1a: Chansey|490/703 par
|cant|p1a: Chansey|partiallytrapped
|
|upkeep
|turn|45
|
|switch|p2a: Tauros|Tauros|123/353
|move|p1a: Chansey|Ice Beam|p2a: Tauros
|-damage|p2a: Tauros|18/353
|
|upkeep
|turn|46
|
|switch|p1a: Tauros|Tauros|353/353
|move|p2a: Tauros|Hyper Beam|p1a: Tauros
|-crit|p1a: Tauros
|-damage|p1a: Tauros|0 fnt
|faint|p1a: Tauros
|-message|SempaiLugia forfeited.
|
|win|7 Tools
|l|☆SempaiLugia
|j|☆SempaiLugia
|inactive|SempaiLugia reconnected and has 150 seconds left.
|player|p1|SempaiLugia|1
