|j|☆Ejthewolf
|j|☆7 Tools
|player|p1|Ejthewolf|223
|player|p2|7 Tools|richboy-gen3
|teamsize|p1|6
|teamsize|p2|6
|gametype|singles
|gen|1
|tier|[Gen 1] OU
|rated|
|rule|Sleep Clause Mod: Limit one foe put to sleep
|rule|Freeze Clause Mod: Limit one foe frozen
|rule|Species Clause: Limit one of each Pokémon
|rule|OHKO Clause: OHKO moves are banned
|rule|Evasion Moves Clause: Evasion moves are banned
|rule|HP Percentage Mod: HP is shown in percentages
|
|start
|switch|p1a: Alakazam|Alakazam|313/313
|switch|p2a: Starmie|Starmie|323/323
|turn|1
|
|move|p1a: Alakazam|Thunder Wave|p2a: Starmie|[miss]
|-miss|p1a: Alakazam
|-hint|In Gen 1, moves with 100% accurracy can still miss 1/256 of the time.
|move|p2a: Starmie|Thunder Wave|p1a: Alakazam
|-status|p1a: Alakazam|par
|
|upkeep
|turn|2
|
|switch|p2a: Chansey|Chansey|703/703
|move|p1a: Alakazam|Thunder Wave|p2a: Chansey
|-status|p2a: Chansey|par
|
|upkeep
|turn|3
|inactive|Battle timer is ON: inactive players will automatically lose when time's up. (requested by 7 Tools)
|
|cant|p1a: Alakazam|par
|move|p2a: Chansey|Thunderbolt|p1a: Alakazam
|-damage|p1a: Alakazam|247/313 par
|
|upkeep
|turn|4
|
|move|p1a: Alakazam|Recover|p1a: Alakazam
|-heal|p1a: Alakazam|313/313 par
|cant|p2a: Chansey|par
|
|upkeep
|turn|5
|
|move|p1a: Alakazam|Psychic|p2a: Chansey
|-crit|p2a: Chansey
|-damage|p2a: Chansey|447/703 par
|cant|p2a: Chansey|par
|
|upkeep
|turn|6
|
|move|p1a: Alakazam|Psychic|p2a: Chansey
|-damage|p2a: Chansey|320/703 par
|-unboost|p2a: Chansey|spd|1
|-unboost|p2a: Chansey|spa|1
|move|p2a: Chansey|Soft-Boiled|p2a: Chansey
|-heal|p2a: Chansey|671/703 par
|
|upkeep
|turn|7
|
|cant|p1a: Alakazam|par
|cant|p2a: Chansey|par
|
|upkeep
|turn|8
|
|move|p1a: Alakazam|Psychic|p2a: Chansey
|-damage|p2a: Chansey|478/703 par
|move|p2a: Chansey|Soft-Boiled|p2a: Chansey
|-heal|p2a: Chansey|703/703 par
|
|upkeep
|turn|9
|
|switch|p2a: Starmie|Starmie|323/323
|cant|p1a: Alakazam|par
|
|upkeep
|turn|10
|
|switch|p2a: Chansey|Chansey|703/703 par
|move|p1a: Alakazam|Thunder Wave|p2a: Chansey
|-fail|p2a: Chansey|par
|
|upkeep
|turn|11
|
|move|p1a: Alakazam|Psychic|p2a: Chansey
|-crit|p2a: Chansey
|-damage|p2a: Chansey|475/703 par
|cant|p2a: Chansey|par
|
|upkeep
|turn|12
|
|move|p1a: Alakazam|Psychic|p2a: Chansey
|-crit|p2a: Chansey
|-damage|p2a: Chansey|212/703 par
|move|p2a: Chansey|Soft-Boiled|p2a: Chansey
|-heal|p2a: Chansey|563/703 par
|
|upkeep
|turn|13
|
|cant|p1a: Alakazam|par
|move|p2a: Chansey|Soft-Boiled|p2a: Chansey
|-heal|p2a: Chansey|703/703 par
|
|upkeep
|turn|14
|
|move|p1a: Alakazam|Psychic|p2a: Chansey
|-crit|p2a: Chansey
|-damage|p2a: Chansey|452/703 par
|-unboost|p2a: Chansey|spd|1
|-unboost|p2a: Chansey|spa|1
|move|p2a: Chansey|Thunderbolt|p1a: Alakazam
|-damage|p1a: Alakazam|275/313 par
|
|upkeep
|turn|15
|
|move|p1a: Alakazam|Psychic|p2a: Chansey
|-crit|p2a: Chansey
|-damage|p2a: Chansey|212/703 par
|move|p2a: Chansey|Soft-Boiled|p2a: Chansey
|-heal|p2a: Chansey|563/703 par
|
|upkeep
|turn|16
|
|move|p1a: Alakazam|Seismic Toss|p2a: Chansey
|-damage|p2a: Chansey|463/703 par
|move|p2a: Chansey|Soft-Boiled|p2a: Chansey
|-heal|p2a: Chansey|703/703 par
|
|upkeep
|turn|17
|
|move|p1a: Alakazam|Psychic|p2a: Chansey
|-damage|p2a: Chansey|514/703 par
|cant|p2a: Chansey|par
|
|upkeep
|turn|18
|
|move|p1a: Alakazam|Psychic|p2a: Chansey
|-damage|p2a: Chansey|323/703 par
|move|p2a: Chansey|Soft-Boiled|p2a: Chansey
|-heal|p2a: Chansey|674/703 par
|
|upkeep
|turn|19
|
|switch|p2a: Starmie|Starmie|323/323
|move|p1a: Alakazam|Seismic Toss|p2a: Starmie
|-damage|p2a: Starmie|223/323
|
|upkeep
|turn|20
|
|switch|p2a: Chansey|Chansey|674/703 par
|move|p1a: Alakazam|Thunder Wave|p2a: Chansey
|-fail|p2a: Chansey|par
|
|upkeep
|turn|21
|
|move|p1a: Alakazam|Seismic Toss|p2a: Chansey
|-damage|p2a: Chansey|574/703 par
|move|p2a: Chansey|Thunderbolt|p1a: Alakazam
|-damage|p1a: Alakazam|208/313 par
|
|upkeep
|turn|22
|
|move|p1a: Alakazam|Seismic Toss|p2a: Chansey
|-damage|p2a: Chansey|474/703 par
|move|p2a: Chansey|Soft-Boiled|p2a: Chansey
|-heal|p2a: Chansey|703/703 par
|
|upkeep
|turn|23
|
|move|p1a: Alakazam|Recover|p1a: Alakazam
|-heal|p1a: Alakazam|313/313 par
|cant|p2a: Chansey|par
|
|upkeep
|turn|24
|
|move|p1a: Alakazam|Psychic|p2a: Chansey
|-crit|p2a: Chansey
|-damage|p2a: Chansey|473/703 par
|move|p2a: Chansey|Thunderbolt|p1a: Alakazam
|-damage|p1a: Alakazam|254/313 par
|
|upkeep
|turn|25
|
|cant|p1a: Alakazam|par
|move|p2a: Chansey|Soft-Boiled|p2a: Chansey
|-heal|p2a: Chansey|703/703 par
|
|upkeep
|turn|26
|
|cant|p1a: Alakazam|par
|move|p2a: Chansey|Thunderbolt|p1a: Alakazam
|-damage|p1a: Alakazam|188/313 par
|
|upkeep
|turn|27
|
|move|p1a: Alakazam|Recover|p1a: Alakazam
|-heal|p1a: Alakazam|313/313 par
|move|p2a: Chansey|Thunderbolt|p1a: Alakazam
|-damage|p1a: Alakazam|250/313 par
|
|upkeep
|turn|28
|
|move|p1a: Alakazam|Seismic Toss|p2a: Chansey
|-damage|p2a: Chansey|603/703 par
|move|p2a: Chansey|Thunderbolt|p1a: Alakazam
|-damage|p1a: Alakazam|192/313 par
|
|upkeep
|turn|29
|
|move|p1a: Alakazam|Recover|p1a: Alakazam
|-heal|p1a: Alakazam|313/313 par
|move|p2a: Chansey|Thunderbolt|p1a: Alakazam
|-damage|p1a: Alakazam|249/313 par
|
|upkeep
|turn|30
|
|move|p1a: Alakazam|Seismic Toss|p2a: Chansey
|-damage|p2a: Chansey|503/703 par
|move|p2a: Chansey|Thunderbolt|p1a: Alakazam
|-damage|p1a: Alakazam|189/313 par
|
|upkeep
|turn|31
|
|move|p1a: Alakazam|Recover|p1a: Alakazam
|-heal|p1a: Alakazam|313/313 par
|move|p2a: Chansey|Soft-Boiled|p2a: Chansey
|-heal|p2a: Chansey|703/703 par
|
|upkeep
|turn|32
|
|move|p1a: Alakazam|Psychic|p2a: Chansey
|-damage|p2a: Chansey|567/703 par
|-unboost|p2a: Chansey|spd|1
|-unboost|p2a: Chansey|spa|1
|move|p2a: Chansey|Thunderbolt|p1a: Alakazam
|-damage|p1a: Alakazam|274/313 par
|
|upkeep
|turn|33
|
|cant|p1a: Alakazam|par
|move|p2a: Chansey|Thunderbolt|p1a: Alakazam
|-crit|p1a: Alakazam
|-damage|p1a: Alakazam|148/313 par
|
|upkeep
|turn|34
|
|cant|p1a: Alakazam|par
|move|p2a: Chansey|Thunderbolt|p1a: Alakazam
|-crit|p1a: Alakazam
|-damage|p1a: Alakazam|29/313 par
|
|upkeep
|turn|35
|
|move|p1a: Alakazam|Recover|p1a: Alakazam
|-heal|p1a: Alakazam|185/313 par
|move|p2a: Chansey|Thunderbolt|p1a: Alakazam
|-damage|p1a: Alakazam|147/313 par
|
|upkeep
|turn|36
|
|move|p1a: Alakazam|Recover|p1a: Alakazam
|-heal|p1a: Alakazam|303/313 par
|move|p2a: Chansey|Thunderbolt|p1a: Alakazam
|-damage|p1a: Alakazam|261/313 par
|
|upkeep
|turn|37
|
|move|p1a: Alakazam|Seismic Toss|p2a: Chansey
|-damage|p2a: Chansey|467/703 par
|move|p2a: Chansey|Soft-Boiled|p2a: Chansey
|-heal|p2a: Chansey|703/703 par
|
|upkeep
|turn|38
|
|move|p1a: Alakazam|Seismic Toss|p2a: Chansey
|-damage|p2a: Chansey|603/703 par
|move|p2a: Chansey|Thunderbolt|p1a: Alakazam
|-damage|p1a: Alakazam|218/313 par
|
|upkeep
|turn|39
|
|move|p1a: Alakazam|Seismic Toss|p2a: Chansey
|-damage|p2a: Chansey|503/703 par
|cant|p2a: Chansey|par
|
|upkeep
|turn|40
|
|move|p1a: Alakazam|Recover|p1a: Alakazam
|-heal|p1a: Alakazam|313/313 par
|move|p2a: Chansey|Soft-Boiled|p2a: Chansey
|-heal|p2a: Chansey|703/703 par
|
|upkeep
|turn|41
|
|switch|p2a: Snorlax|Snorlax|523/523
|move|p1a: Alakazam|Seismic Toss|p2a: Snorlax
|-damage|p2a: Snorlax|423/523
|
|upkeep
|turn|42
|
|switch|p1a: Chansey|Chansey|703/703
|move|p2a: Snorlax|Body Slam|p1a: Chansey
|-damage|p1a: Chansey|433/703
|
|upkeep
|turn|43
|
|move|p1a: Chansey|Reflect|p1a: Chansey
|-start|p1a: Chansey|Reflect
|move|p2a: Snorlax|Body Slam|p1a: Chansey
|-crit|p1a: Chansey
|-damage|p1a: Chansey|0 fnt
|faint|p1a: Chansey
|c|☆Ejthewolf|welp
|c|☆Ejthewolf|welp
|c|☆Ejthewolf|welp
|
|switch|p1a: Zapdos|Zapdos|383/383
|turn|44
|
|switch|p2a: Rhydon|Rhydon|413/413
|move|p1a: Zapdos|Drill Peck|p2a: Rhydon
|-resisted|p2a: Rhydon
|-damage|p2a: Rhydon|372/413
|
|upkeep
|turn|45
|
|switch|p1a: Exeggutor|Exeggutor|393/393
|move|p2a: Rhydon|Body Slam|p1a: Exeggutor
|-damage|p1a: Exeggutor|301/393
|
|upkeep
|turn|46
|
|switch|p2a: Chansey|Chansey|703/703 par
|move|p1a: Exeggutor|Psychic|p2a: Chansey
|-crit|p2a: Chansey
|-damage|p2a: Chansey|467/703 par
|-unboost|p2a: Chansey|spd|1
|-unboost|p2a: Chansey|spa|1
|
|upkeep
|turn|47
|
|move|p1a: Exeggutor|Psychic|p2a: Chansey
|-crit|p2a: Chansey
|-damage|p2a: Chansey|217/703 par
|move|p2a: Chansey|Thunder Wave|p1a: Exeggutor
|-status|p1a: Exeggutor|par
|
|upkeep
|turn|48
|
|switch|p2a: Starmie|Starmie|223/323
|move|p1a: Exeggutor|Hyper Beam|p2a: Starmie
|-damage|p2a: Starmie|102/323
|-mustrecharge|p1a: Exeggutor
|
|upkeep
|turn|49
|
|move|p2a: Starmie|Blizzard|p1a: Exeggutor
|-supereffective|p1a: Exeggutor
|-damage|p1a: Exeggutor|145/393 par
|cant|p1a: Exeggutor|recharge
|
|upkeep
|turn|50
|
|switch|p1a: Snorlax|Snorlax|523/523
|move|p2a: Starmie|Blizzard|p1a: Snorlax
|-crit|p1a: Snorlax
|-damage|p1a: Snorlax|272/523
|
|upkeep
|turn|51
|
|switch|p2a: Snorlax|Snorlax|423/523
|move|p1a: Snorlax|Body Slam|p2a: Snorlax
|-damage|p2a: Snorlax|293/523
|
|upkeep
|turn|52
|
|move|p1a: Snorlax|Earthquake|p2a: Snorlax
|-crit|p2a: Snorlax
|-damage|p2a: Snorlax|74/523
|move|p2a: Snorlax|Reflect|p2a: Snorlax
|-start|p2a: Snorlax|Reflect
|
|upkeep
|turn|53
|
|move|p1a: Snorlax|Body Slam|p2a: Snorlax
|-damage|p2a: Snorlax|0 fnt
|faint|p2a: Snorlax
|c|☆Ejthewolf|oof
|
|switch|p2a: Victreebel|Victreebel|363/363
|turn|54
|
|switch|p1a: Exeggutor|Exeggutor|145/393 par
|move|p2a: Victreebel|Wrap|p1a: Exeggutor
|-damage|p1a: Exeggutor|131/393 par
|
|upkeep
|turn|55
|
|switch|p1a: Alakazam|Alakazam|313/313 par
|move|p2a: Victreebel|Wrap|p1a: Alakazam
|-damage|p1a: Alakazam|294/313 par
|
|upkeep
|turn|56
|
|switch|p1a: Exeggutor|Exeggutor|131/393 par
|move|p2a: Victreebel|Wrap|p1a: Exeggutor
|-damage|p1a: Exeggutor|117/393 par
|
|upkeep
|turn|57
|
|switch|p1a: Zapdos|Zapdos|383/383
|move|p2a: Victreebel|Wrap|p1a: Zapdos
|-damage|p1a: Zapdos|369/383
|
|upkeep
|turn|58
|
|switch|p1a: Alakazam|Alakazam|294/313 par
|move|p2a: Victreebel|Wrap|p1a: Alakazam
|-damage|p1a: Alakazam|273/313 par
|
|upkeep
|turn|59
|
|switch|p1a: Zapdos|Zapdos|369/383
|move|p2a: Victreebel|Wrap|p1a: Zapdos
|-damage|p1a: Zapdos|356/383
|
|upkeep
|turn|60
|
|switch|p1a: Alakazam|Alakazam|273/313 par
|move|p2a: Victreebel|Wrap|p1a: Alakazam|[miss]
|-miss|p2a: Victreebel
|
|upkeep
|turn|61
|inactive|7 Tools has 120 seconds left.
|
|move|p2a: Victreebel|Wrap|p1a: Alakazam
|-damage|p1a: Alakazam|253/313 par
|cant|p1a: Alakazam|partiallytrapped
|
|upkeep
|turn|62
|
|switch|p1a: Zapdos|Zapdos|356/383
|move|p2a: Victreebel|Wrap|p1a: Zapdos|[miss]
|-miss|p2a: Victreebel
|
|upkeep
|turn|63
|
|switch|p2a: Rhydon|Rhydon|372/413
|move|p1a: Zapdos|Drill Peck|p2a: Rhydon
|-resisted|p2a: Rhydon
|-damage|p2a: Rhydon|335/413
|
|upkeep
|turn|64
|
|switch|p1a: Exeggutor|Exeggutor|117/393 par
|move|p2a: Rhydon|Earthquake|p1a: Exeggutor
|-resisted|p1a: Exeggutor
|-damage|p1a: Exeggutor|41/393 par
|
|upkeep
|turn|65
|
|move|p2a: Rhydon|Body Slam|p1a: Exeggutor
|-damage|p1a: Exeggutor|0 fnt
|faint|p1a: Exeggutor
|
|switch|p1a: Tauros|Tauros|353/353
|turn|66
|
|switch|p2a: Chansey|Chansey|217/703 par
|move|p1a: Tauros|Blizzard|p2a: Chansey
|-crit|p2a: Chansey
|-damage|p2a: Chansey|88/703 par
|
|upkeep
|turn|67
|
|move|p1a: Tauros|Earthquake|p2a: Chansey
|-damage|p2a: Chansey|0 fnt
|faint|p2a: Chansey
|
|switch|p2a: Tauros|Tauros|353/353
|turn|68
|
|move|p1a: Tauros|Body Slam|p2a: Tauros
|-damage|p2a: Tauros|258/353
|move|p2a: Tauros|Body Slam|p1a: Tauros
|-damage|p1a: Tauros|245/353
|
|upkeep
|turn|69
|
|move|p1a: Tauros|Body Slam|p2a: Tauros
|-damage|p2a: Tauros|157/353
|move|p2a: Tauros|Body Slam|p1a: Tauros
|-damage|p1a: Tauros|149/353
|
|upkeep
|turn|70
|
|switch|p1a: Alakazam|Alakazam|253/313 par
|switch|p2a: Rhydon|Rhydon|335/413
|
|upkeep
|turn|71
|
|switch|p2a: Starmie|Starmie|102/323
|move|p1a: Alakazam|Psychic|p2a: Starmie
|-resisted|p2a: Starmie
|-damage|p2a: Starmie|34/323
|
|upkeep
|turn|72
|
|move|p2a: Starmie|Recover|p2a: Starmie
|-heal|p2a: Starmie|195/323
|cant|p1a: Alakazam|par
|
|upkeep
|turn|73
|
|move|p2a: Starmie|Psychic|p1a: Alakazam
|-resisted|p1a: Alakazam
|-damage|p1a: Alakazam|212/313 par
|-unboost|p1a: Alakazam|spd|1
|-unboost|p1a: Alakazam|spa|1
|move|p1a: Alakazam|Thunder Wave|p2a: Starmie
|-status|p2a: Starmie|par
|
|upkeep
|turn|74
|
|move|p2a: Starmie|Recover|p2a: Starmie
|-heal|p2a: Starmie|323/323 par
|move|p1a: Alakazam|Recover|p1a: Alakazam
|-heal|p1a: Alakazam|313/313 par
|
|upkeep
|turn|75
|inactive|Ejthewolf has 120 seconds left.
|
|move|p2a: Starmie|Psychic|p1a: Alakazam
|-resisted|p1a: Alakazam
|-damage|p1a: Alakazam|243/313 par
|move|p1a: Alakazam|Seismic Toss|p2a: Starmie
|-damage|p2a: Starmie|223/323 par
|
|upkeep
|turn|76
|
|move|p2a: Starmie|Recover|p2a: Starmie
|-heal|p2a: Starmie|323/323 par
|cant|p1a: Alakazam|par
|
|upkeep
|turn|77
|inactive|Ejthewolf has 120 seconds left.
|
|cant|p2a: Starmie|par
|move|p1a: Alakazam|Recover|p1a: Alakazam
|-heal|p1a: Alakazam|313/313 par
|
|upkeep
|turn|78
|
|move|p2a: Starmie|Psychic|p1a: Alakazam
|-resisted|p1a: Alakazam
|-damage|p1a: Alakazam|251/313 par
|move|p1a: Alakazam|Seismic Toss|p2a: Starmie
|-damage|p2a: Starmie|223/323 par
|
|upkeep
|turn|79
|
|move|p2a: Starmie|Psychic|p1a: Alakazam
|-crit|p1a: Alakazam
|-resisted|p1a: Alakazam
|-damage|p1a: Alakazam|171/313 par
|-unboost|p1a: Alakazam|spd|1
|-unboost|p1a: Alakazam|spa|1
|move|p1a: Alakazam|Recover|p1a: Alakazam
|-heal|p1a: Alakazam|313/313 par
|
|upkeep
|turn|80
|
|switch|p1a: Snorlax|Snorlax|272/523
|move|p2a: Starmie|Blizzard|p1a: Snorlax
|-crit|p1a: Snorlax
|-damage|p1a: Snorlax|52/523
|
|upkeep
|turn|81
|
|switch|p2a: Rhydon|Rhydon|335/413
|move|p1a: Snorlax|Self-Destruct|p2a: Rhydon
|-resisted|p2a: Rhydon
|-damage|p2a: Rhydon|197/413
|faint|p1a: Snorlax
|
|switch|p1a: Tauros|Tauros|149/353
|turn|82
|inactive|7 Tools has 120 seconds left.
|
|switch|p2a: Starmie|Starmie|223/323 par
|move|p1a: Tauros|Blizzard|p2a: Starmie
|-resisted|p2a: Starmie
|-damage|p2a: Starmie|186/323 par
|
|upkeep
|turn|83
|
|move|p1a: Tauros|Hyper Beam|p2a: Starmie
|-crit|p2a: Starmie
|-damage|p2a: Starmie|0 fnt
|faint|p2a: Starmie
|
|switch|p2a: Victreebel|Victreebel|363/363
|turn|84
|c|☆Ejthewolf|Tauros Hyper Beam vs. Starmie: 179-211 (55.4 - 65.3%) -- 71.8% chance to OHKO
|c|☆Ejthewolf|so that was somewhat iffy
|
|switch|p1a: Alakazam|Alakazam|313/313 par
|move|p2a: Victreebel|Razor Leaf|p1a: Alakazam
|-crit|p1a: Alakazam
|-damage|p1a: Alakazam|214/313 par
|
|upkeep
|turn|85
|
|move|p2a: Victreebel|Wrap|p1a: Alakazam
|-damage|p1a: Alakazam|195/313 par
|cant|p1a: Alakazam|partiallytrapped
|
|upkeep
|turn|86
|
|switch|p1a: Zapdos|Zapdos|356/383
|move|p2a: Victreebel|Wrap|p1a: Zapdos
|-damage|p1a: Zapdos|341/383
|
|upkeep
|turn|87
|
|switch|p1a: Alakazam|Alakazam|195/313 par
|move|p2a: Victreebel|Wrap|p1a: Alakazam
|-damage|p1a: Alakazam|177/313 par
|
|upkeep
|turn|88
|
|switch|p1a: Zapdos|Zapdos|341/383
|move|p2a: Victreebel|Wrap|p1a: Zapdos
|-damage|p1a: Zapdos|326/383
|
|upkeep
|turn|89
|
|switch|p1a: Alakazam|Alakazam|177/313 par
|switch|p2a: Rhydon|Rhydon|197/413
|
|upkeep
|turn|90
|
|switch|p1a: Tauros|Tauros|149/353
|move|p2a: Rhydon|Substitute|p2a: Rhydon
|-start|p2a: Rhydon|Substitute
|-damage|p2a: Rhydon|94/413
|
|upkeep
|turn|91
|
|move|p1a: Tauros|Earthquake|p2a: Rhydon
|-supereffective|p2a: Rhydon
|-end|p2a: Rhydon|Substitute
|move|p2a: Rhydon|Earthquake|p1a: Tauros
|-damage|p1a: Tauros|13/353
|
|upkeep
|turn|92
|inactive|7 Tools has 120 seconds left.
|inactive|7 Tools has 90 seconds left.
|inactive|7 Tools has 60 seconds left.
|
|switch|p2a: Tauros|Tauros|157/353
|move|p1a: Tauros|Blizzard|p2a: Tauros
|-damage|p2a: Tauros|63/353
|
|upkeep
|turn|93
|
|move|p1a: Tauros|Body Slam|p2a: Tauros
|-damage|p2a: Tauros|0 fnt
|faint|p2a: Tauros
|
|switch|p2a: Victreebel|Victreebel|363/363
|turn|94
|inactive|7 Tools has 30 seconds left.
|
|switch|p1a: Alakazam|Alakazam|177/313 par
|move|p2a: Victreebel|Razor Leaf|p1a: Alakazam
|-crit|p1a: Alakazam
|-damage|p1a: Alakazam|70/313 par
|
|upkeep
|turn|95
|inactive|7 Tools has 30 seconds left this turn.
|inactive|7 Tools has 20 seconds left.
|inactive|7 Tools has 15 seconds left.
|inactive|7 Tools has 10 seconds left.
|inactive|7 Tools has 5 seconds left.
|
|switch|p2a: Rhydon|Rhydon|94/413
|switch|p1a: Zapdos|Zapdos|326/383
|
|upkeep
|turn|96
|inactive|7 Tools has 10 seconds left this turn.
|inactive|7 Tools has 5 seconds left.
|
|move|p1a: Zapdos|Drill Peck|p2a: Rhydon
|-resisted|p2a: Rhydon
|-damage|p2a: Rhydon|55/413
|move|p2a: Rhydon|Rock Slide|p1a: Zapdos
|-supereffective|p1a: Zapdos
|-damage|p1a: Zapdos|80/383
|
|upkeep
|turn|97
|inactive|7 Tools has 10 seconds left this turn.
|inactive|7 Tools has 5 seconds left.
|
|switch|p1a: Alakazam|Alakazam|70/313 par
|move|p2a: Rhydon|Rock Slide|p1a: Alakazam
|-damage|p1a: Alakazam|0 fnt
|faint|p1a: Alakazam
|inactive|7 Tools has 10 seconds left this turn.
|
|switch|p1a: Tauros|Tauros|13/353
|turn|98
|inactive|7 Tools has 15 seconds left this turn.
|inactive|7 Tools has 10 seconds left.
|inactive|7 Tools has 5 seconds left.
|
|switch|p2a: Victreebel|Victreebel|363/363
|move|p1a: Tauros|Blizzard|p2a: Victreebel|[miss]
|-miss|p1a: Tauros
|
|upkeep
|turn|99
|inactive|7 Tools has 10 seconds left this turn.
|c|☆Ejthewolf|damn
|inactive|7 Tools has 5 seconds left.
|
|move|p1a: Tauros|Blizzard|p2a: Victreebel
|-supereffective|p2a: Victreebel
|-damage|p2a: Victreebel|221/363
|move|p2a: Victreebel|Razor Leaf|p1a: Tauros
|-crit|p1a: Tauros
|-damage|p1a: Tauros|0 fnt
|faint|p1a: Tauros
|inactive|7 Tools has 10 seconds left this turn.
|
|switch|p1a: Zapdos|Zapdos|80/383
|turn|100
|inactive|7 Tools has 15 seconds left this turn.
|inactive|7 Tools has 10 seconds left.
|
|move|p1a: Zapdos|Drill Peck|p2a: Victreebel
|-supereffective|p2a: Victreebel
|-damage|p2a: Victreebel|0 fnt
|faint|p2a: Victreebel
|inactive|7 Tools has 15 seconds left this turn.
|
|switch|p2a: Rhydon|Rhydon|55/413
|turn|101
|inactive|7 Tools has 20 seconds left this turn.
|inactive|7 Tools has 15 seconds left.
|inactive|7 Tools has 10 seconds left.
|
|move|p1a: Zapdos|Drill Peck|p2a: Rhydon
|-resisted|p2a: Rhydon
|-damage|p2a: Rhydon|14/413
|move|p2a: Rhydon|Body Slam|p1a: Zapdos
|-damage|p1a: Zapdos|0 fnt
|faint|p1a: Zapdos
|
|win|7 Tools
|inactive|7 Tools has 15 seconds left this turn.
