|j|☆Ch01w0n5h1n
|j|☆smth random
|player|p1|Ch01w0n5h1n|165
|player|p2|smth random|zinnia
|teamsize|p1|6
|teamsize|p2|6
|gametype|singles
|gen|1
|tier|[Gen 1] OU
|rated|Tournament battle
|rule|Sleep Clause Mod: Limit one foe put to sleep
|rule|Freeze Clause Mod: Limit one foe frozen
|rule|Species Clause: Limit one of each Pokémon
|rule|OHKO Clause: OHKO moves are banned
|rule|Evasion Moves Clause: Evasion moves are banned
|rule|HP Percentage Mod: HP is shown in percentages
|
|start
|switch|p1a: Exeggutor|Exeggutor|393/393
|switch|p2a: Alakazam|Alakazam|313/313
|turn|1
|
|move|p2a: Alakazam|Thunder Wave|p1a: Exeggutor
|-status|p1a: Exeggutor|par
|move|p1a: Exeggutor|Sleep Powder|p2a: Alakazam|[miss]
|-miss|p1a: Exeggutor
|
|upkeep
|turn|2
|
|move|p2a: Alakazam|Seismic Toss|p1a: Exeggutor
|-damage|p1a: Exeggutor|293/393 par
|move|p1a: Exeggutor|Sleep Powder|p2a: Alakazam|[miss]
|-miss|p1a: Exeggutor
|
|upkeep
|turn|3
|
|move|p2a: Alakazam|Seismic Toss|p1a: Exeggutor
|-damage|p1a: Exeggutor|193/393 par
|cant|p1a: Exeggutor|par
|
|upkeep
|turn|4
|
|move|p2a: Alakazam|Seismic Toss|p1a: Exeggutor
|-damage|p1a: Exeggutor|93/393 par
|move|p1a: Exeggutor|Explosion|p2a: Alakazam
|-damage|p2a: Alakazam|0 fnt
|faint|p2a: Alakazam
|faint|p1a: Exeggutor
|
|switch|p2a: Snorlax|Snorlax|523/523
|switch|p1a: Jynx|Jynx|333/333
|turn|5
|
|move|p1a: Jynx|Lovely Kiss|p2a: Snorlax|[miss]
|-miss|p1a: Jynx
|move|p2a: Snorlax|Amnesia|p2a: Snorlax
|-boost|p2a: Snorlax|spd|2
|-boost|p2a: Snorlax|spa|2
|
|upkeep
|turn|6
|
|move|p1a: Jynx|Lovely Kiss|p2a: Snorlax
|-status|p2a: Snorlax|slp|[from] move: Lovely Kiss
|cant|p2a: Snorlax|slp
|
|upkeep
|turn|7
|
|switch|p2a: Chansey|Chansey|703/703
|move|p1a: Jynx|Psychic|p2a: Chansey
|-damage|p2a: Chansey|605/703
|
|upkeep
|turn|8
|
|switch|p1a: Chansey|Chansey|703/703
|move|p2a: Chansey|Ice Beam|p1a: Chansey
|-damage|p1a: Chansey|634/703
|
|upkeep
|turn|9
|j| TheNewBrends11
|
|move|p1a: Chansey|Ice Beam|p2a: Chansey
|-crit|p2a: Chansey
|-damage|p2a: Chansey|468/703
|move|p2a: Chansey|Ice Beam|p1a: Chansey
|-damage|p1a: Chansey|553/703
|
|upkeep
|turn|10
|
|move|p1a: Chansey|Ice Beam|p2a: Chansey
|-damage|p2a: Chansey|393/703
|move|p2a: Chansey|Ice Beam|p1a: Chansey
|-crit|p1a: Chansey
|-damage|p1a: Chansey|405/703
|
|upkeep
|turn|11
|
|move|p2a: Chansey|Ice Beam|p1a: Chansey
|-damage|p1a: Chansey|327/703
|-status|p1a: Chansey|frz
|cant|p1a: Chansey|frz
|
|upkeep
|turn|12
|
|switch|p1a: Jynx|Jynx|333/333
|move|p2a: Chansey|Soft-Boiled|p2a: Chansey
|-heal|p2a: Chansey|703/703
|
|upkeep
|turn|13
|
|move|p1a: Jynx|Blizzard|p2a: Chansey
|-damage|p2a: Chansey|559/703
|move|p2a: Chansey|Thunder Wave|p1a: Jynx
|-status|p1a: Jynx|par
|
|upkeep
|turn|14
|
|move|p2a: Chansey|Thunderbolt|p1a: Jynx
|-damage|p1a: Jynx|255/333 par
|move|p1a: Jynx|Blizzard|p2a: Chansey
|-crit|p2a: Chansey
|-damage|p2a: Chansey|300/703
|
|upkeep
|turn|15
|
|move|p2a: Chansey|Soft-Boiled|p2a: Chansey
|-heal|p2a: Chansey|651/703
|move|p1a: Jynx|Blizzard|p2a: Chansey
|-damage|p2a: Chansey|527/703
|
|upkeep
|turn|16
|
|move|p2a: Chansey|Thunderbolt|p1a: Jynx
|-damage|p1a: Jynx|175/333 par
|move|p1a: Jynx|Blizzard|p2a: Chansey
|-damage|p2a: Chansey|390/703
|
|upkeep
|turn|17
|
|move|p2a: Chansey|Thunderbolt|p1a: Jynx
|-damage|p1a: Jynx|99/333 par
|move|p1a: Jynx|Blizzard|p2a: Chansey
|-damage|p2a: Chansey|263/703
|
|upkeep
|turn|18
|
|move|p2a: Chansey|Soft-Boiled|p2a: Chansey
|-heal|p2a: Chansey|614/703
|move|p1a: Jynx|Blizzard|p2a: Chansey
|-damage|p2a: Chansey|481/703
|
|upkeep
|turn|19
|
|switch|p2a: Slowbro|Slowbro|393/393
|cant|p1a: Jynx|par
|
|upkeep
|turn|20
|
|move|p2a: Slowbro|Amnesia|p2a: Slowbro
|-boost|p2a: Slowbro|spd|2
|-boost|p2a: Slowbro|spa|2
|move|p1a: Jynx|Blizzard|p2a: Slowbro
|-resisted|p2a: Slowbro
|-damage|p2a: Slowbro|352/393
|
|upkeep
|turn|21
|
|move|p2a: Slowbro|Surf|p1a: Jynx
|-crit|p1a: Jynx
|-damage|p1a: Jynx|0 fnt
|faint|p1a: Jynx
|
|switch|p1a: Golem|Golem|363/363
|turn|22
|
|move|p1a: Golem|Substitute|p1a: Golem
|-start|p1a: Golem|Substitute
|-damage|p1a: Golem|273/363
|move|p2a: Slowbro|Surf|p1a: Golem
|-supereffective|p1a: Golem
|-end|p1a: Golem|Substitute
|
|upkeep
|turn|23
|
|move|p1a: Golem|Explosion|p2a: Slowbro
|-damage|p2a: Slowbro|80/393
|faint|p1a: Golem
|
|switch|p1a: Tauros|Tauros|353/353
|turn|24
|
|move|p1a: Tauros|Body Slam|p2a: Slowbro
|-damage|p2a: Slowbro|0 fnt
|faint|p2a: Slowbro
|
|switch|p2a: Rhydon|Rhydon|413/413
|turn|25
|
|move|p1a: Tauros|Blizzard|p2a: Rhydon
|-supereffective|p2a: Rhydon
|-damage|p2a: Rhydon|163/413
|move|p2a: Rhydon|Earthquake|p1a: Tauros
|-damage|p1a: Tauros|208/353
|
|upkeep
|turn|26
|
|move|p1a: Tauros|Blizzard|p2a: Rhydon
|-supereffective|p2a: Rhydon
|-damage|p2a: Rhydon|0 fnt
|faint|p2a: Rhydon
|
|switch|p2a: Tauros|Tauros|353/353
|turn|27
|
|move|p2a: Tauros|Body Slam|p1a: Tauros
|-damage|p1a: Tauros|103/353
|move|p1a: Tauros|Body Slam|p2a: Tauros
|-damage|p2a: Tauros|250/353
|
|upkeep
|turn|28
|
|switch|p1a: Snorlax|Snorlax|523/523
|move|p2a: Tauros|Body Slam|p1a: Snorlax
|-crit|p1a: Snorlax
|-damage|p1a: Snorlax|259/523
|
|upkeep
|turn|29
|
|switch|p2a: Chansey|Chansey|481/703
|move|p1a: Snorlax|Self-Destruct|p2a: Chansey
|-damage|p2a: Chansey|0 fnt
|faint|p2a: Chansey
|faint|p1a: Snorlax
|
|switch|p2a: Tauros|Tauros|250/353
|switch|p1a: Tauros|Tauros|103/353
|turn|30
|
|switch|p1a: Chansey|Chansey|327/703 frz
|move|p2a: Tauros|Hyper Beam|p1a: Chansey
|-crit|p1a: Chansey
|-damage|p1a: Chansey|0 fnt
|faint|p1a: Chansey
|
|switch|p1a: Tauros|Tauros|103/353
|turn|31
|
|move|p2a: Tauros|Hyper Beam|p1a: Tauros
|-damage|p1a: Tauros|0 fnt
|faint|p1a: Tauros
|
|win|smth random
|c|☆smth random|gg got lucky
|c|☆Ch01w0n5h1n|gg
|l|☆Ch01w0n5h1n
|l|☆smth random
