|j|☆Ch01w0n5h1n
|j|☆YT ShowDown GOD
|player|p1|Ch01w0n5h1n|165
|player|p2|YT ShowDown GOD|261
|teamsize|p1|6
|teamsize|p2|6
|gametype|singles
|gen|1
|tier|[Gen 1] OU
|rated|Tournament battle
|rule|Sleep Clause Mod: Limit one foe put to sleep
|rule|Freeze Clause Mod: Limit one foe frozen
|rule|Species Clause: Limit one of each Pokémon
|rule|OHKO Clause: OHKO moves are banned
|rule|Evasion Moves Clause: Evasion moves are banned
|rule|HP Percentage Mod: HP is shown in percentages
|
|start
|switch|p1a: Exeggutor|Exeggutor|393/393
|switch|p2a: Starmie|Starmie|323/323
|turn|1
|
|switch|p1a: Chansey|Chansey|703/703
|move|p2a: Starmie|Blizzard|p1a: Chansey
|-damage|p1a: Chansey|617/703
|
|upkeep
|turn|2
|
|switch|p2a: Tauros|Tauros|353/353
|move|p1a: Chansey|Ice Beam|p2a: Tauros
|-damage|p2a: Tauros|254/353
|
|upkeep
|turn|3
|
|switch|p1a: Snorlax|Snorlax|523/523
|move|p2a: Tauros|Hyper Beam|p1a: Snorlax|[miss]
|-miss|p2a: Tauros
|
|upkeep
|turn|4
|
|move|p2a: Tauros|Blizzard|p1a: Snorlax
|-damage|p1a: Snorlax|431/523
|move|p1a: Snorlax|Body Slam|p2a: Tauros
|-damage|p2a: Tauros|135/353
|
|upkeep
|turn|5
|
|move|p2a: Tauros|Hyper Beam|p1a: Snorlax
|-damage|p1a: Snorlax|193/523
|-mustrecharge|p2a: Tauros
|move|p1a: Snorlax|Body Slam|p2a: Tauros
|-damage|p2a: Tauros|25/353
|
|upkeep
|turn|6
|
|cant|p2a: Tauros|recharge
|move|p1a: Snorlax|Body Slam|p2a: Tauros
|-damage|p2a: Tauros|0 fnt
|faint|p2a: Tauros
|j| kairyurf24
|inactive|Battle timer is ON: inactive players will automatically lose when time's up. (requested by Ch01w0n5h1n)
|inactive|YT ShowDown GOD has 120 seconds left.
|
|switch|p2a: Chansey|Chansey|703/703
|turn|7
|j| Zuelle
|
|switch|p1a: Chansey|Chansey|617/703
|move|p2a: Chansey|Thunder Wave|p1a: Chansey
|-status|p1a: Chansey|par
|
|upkeep
|turn|8
|
|move|p2a: Chansey|Seismic Toss|p1a: Chansey
|-damage|p1a: Chansey|517/703 par
|cant|p1a: Chansey|par
|
|upkeep
|turn|9
|inactive|YT ShowDown GOD has 120 seconds left.
|
|move|p2a: Chansey|Seismic Toss|p1a: Chansey
|-damage|p1a: Chansey|417/703 par
|move|p1a: Chansey|Ice Beam|p2a: Chansey
|-damage|p2a: Chansey|629/703
|
|upkeep
|turn|10
|inactive|YT ShowDown GOD has 120 seconds left.
|-message|YT ShowDown GOD forfeited.
|
|win|Ch01w0n5h1n
|l|☆YT ShowDown GOD
|l|☆Ch01w0n5h1n
|l| kairyurf24
|l| Zuelle
|j| TheNewBrends11
