|j|☆false
|j|☆apesh!t
|inactive|Battle timer is ON: inactive players will automatically lose when time's up.
|player|p1|false|#nadeko
|player|p2|apesh!t|2
|teamsize|p1|6
|teamsize|p2|6
|gametype|singles
|gen|1
|tier|[Gen 1] OU
|rated|Tournament battle
|rule|Sleep Clause Mod: Limit one foe put to sleep
|rule|Freeze Clause Mod: Limit one foe frozen
|rule|Species Clause: Limit one of each Pokémon
|rule|OHKO Clause: OHKO moves are banned
|rule|Evasion Moves Clause: Evasion moves are banned
|rule|HP Percentage Mod: HP is shown in percentages
|
|start
|switch|p1a: Starmie|Starmie|323/323
|switch|p2a: Alakazam|Alakazam|313/313
|turn|1
|j| TheDarkestLight787
|c|☆apesh!t|hf
|
|move|p2a: Alakazam|Thunder Wave|p1a: Starmie
|-status|p1a: Starmie|par
|move|p1a: Starmie|Thunder Wave|p2a: Alakazam
|-status|p2a: Alakazam|par
|
|upkeep
|turn|2
|
|move|p2a: Alakazam|Seismic Toss|p1a: Starmie
|-damage|p1a: Starmie|223/323 par
|move|p1a: Starmie|Psychic|p2a: Alakazam
|-resisted|p2a: Alakazam
|-damage|p2a: Alakazam|270/313 par
|-unboost|p2a: Alakazam|spd|1
|-unboost|p2a: Alakazam|spa|1
|
|upkeep
|turn|3
|
|switch|p2a: Chansey|Chansey|703/703
|cant|p1a: Starmie|par
|
|upkeep
|turn|4
|
|move|p2a: Chansey|Seismic Toss|p1a: Starmie|[miss]
|-miss|p2a: Chansey
|-hint|In Gen 1, moves with 100% accurracy can still miss 1/256 of the time.
|move|p1a: Starmie|Thunder Wave|p2a: Chansey
|-status|p2a: Chansey|par
|
|upkeep
|turn|5
|
|move|p1a: Starmie|Recover|p1a: Starmie
|-heal|p1a: Starmie|323/323 par
|move|p2a: Chansey|Seismic Toss|p1a: Starmie
|-damage|p1a: Starmie|223/323 par
|
|upkeep
|turn|6
|
|move|p1a: Starmie|Psychic|p2a: Chansey
|-damage|p2a: Chansey|593/703 par
|move|p2a: Chansey|Reflect|p2a: Chansey
|-start|p2a: Chansey|Reflect
|
|upkeep
|turn|7
|
|move|p1a: Starmie|Psychic|p2a: Chansey
|-damage|p2a: Chansey|489/703 par
|move|p2a: Chansey|Seismic Toss|p1a: Starmie
|-damage|p1a: Starmie|123/323 par
|
|upkeep
|turn|8
|
|move|p1a: Starmie|Recover|p1a: Starmie
|-heal|p1a: Starmie|284/323 par
|move|p2a: Chansey|Soft-Boiled|p2a: Chansey
|-heal|p2a: Chansey|703/703 par
|
|upkeep
|turn|9
|
|cant|p1a: Starmie|par
|move|p2a: Chansey|Seismic Toss|p1a: Starmie
|-damage|p1a: Starmie|184/323 par
|
|upkeep
|turn|10
|j| rby_EB0LA
|
|move|p1a: Starmie|Recover|p1a: Starmie
|-heal|p1a: Starmie|323/323 par
|move|p2a: Chansey|Seismic Toss|p1a: Starmie
|-damage|p1a: Starmie|223/323 par
|
|upkeep
|turn|11
|
|cant|p1a: Starmie|par
|move|p2a: Chansey|Seismic Toss|p1a: Starmie
|-damage|p1a: Starmie|123/323 par
|
|upkeep
|turn|12
|
|move|p1a: Starmie|Recover|p1a: Starmie
|-heal|p1a: Starmie|284/323 par
|move|p2a: Chansey|Seismic Toss|p1a: Starmie
|-damage|p1a: Starmie|184/323 par
|
|upkeep
|turn|13
|
|move|p1a: Starmie|Recover|p1a: Starmie
|-heal|p1a: Starmie|323/323 par
|move|p2a: Chansey|Seismic Toss|p1a: Starmie
|-damage|p1a: Starmie|223/323 par
|
|upkeep
|turn|14
|
|switch|p2a: Lapras|Lapras|463/463
|move|p1a: Starmie|Psychic|p2a: Lapras
|-damage|p2a: Lapras|362/463
|
|upkeep
|turn|15
|
|move|p2a: Lapras|Thunderbolt|p1a: Starmie
|-supereffective|p1a: Starmie
|-damage|p1a: Starmie|73/323 par
|move|p1a: Starmie|Thunder Wave|p2a: Lapras
|-status|p2a: Lapras|par
|
|upkeep
|turn|16
|
|switch|p1a: Chansey|Chansey|703/703
|cant|p2a: Lapras|par
|
|upkeep
|turn|17
|
|move|p1a: Chansey|Seismic Toss|p2a: Lapras
|-damage|p2a: Lapras|262/463 par
|move|p2a: Lapras|Sing|p1a: Chansey
|-status|p1a: Chansey|slp|[from] move: Sing
|
|upkeep
|turn|18
|
|switch|p2a: Tauros|Tauros|353/353
|-curestatus|p1a: Chansey|slp|[msg]
|
|upkeep
|turn|19
|
|move|p2a: Tauros|Body Slam|p1a: Chansey
|-crit|p1a: Chansey
|-damage|p1a: Chansey|209/703
|move|p1a: Chansey|Thunder Wave|p2a: Tauros
|-status|p2a: Tauros|par
|
|upkeep
|turn|20
|
|switch|p1a: Exeggutor|Exeggutor|393/393
|move|p2a: Tauros|Body Slam|p1a: Exeggutor
|-damage|p1a: Exeggutor|289/393
|-status|p1a: Exeggutor|par
|
|upkeep
|turn|21
|j| Totzg
|
|switch|p2a: Alakazam|Alakazam|270/313 par
|move|p1a: Exeggutor|Psychic|p2a: Alakazam
|-resisted|p2a: Alakazam
|-damage|p2a: Alakazam|219/313 par
|-unboost|p2a: Alakazam|spd|1
|-unboost|p2a: Alakazam|spa|1
|
|upkeep
|turn|22
|
|cant|p1a: Exeggutor|par
|move|p2a: Alakazam|Seismic Toss|p1a: Exeggutor
|-damage|p1a: Exeggutor|189/393 par
|
|upkeep
|turn|23
|
|cant|p1a: Exeggutor|par
|cant|p2a: Alakazam|par
|
|upkeep
|turn|24
|
|cant|p1a: Exeggutor|par
|move|p2a: Alakazam|Seismic Toss|p1a: Exeggutor
|-damage|p1a: Exeggutor|89/393 par
|
|upkeep
|turn|25
|
|move|p1a: Exeggutor|Explosion|p2a: Alakazam
|-crit|p2a: Alakazam
|-damage|p2a: Alakazam|0 fnt
|faint|p2a: Alakazam
|faint|p1a: Exeggutor
|
|switch|p2a: Chansey|Chansey|703/703 par
|switch|p1a: Snorlax|Snorlax|523/523
|turn|26
|
|move|p1a: Snorlax|Body Slam|p2a: Chansey
|-damage|p2a: Chansey|414/703 par
|move|p2a: Chansey|Reflect|p2a: Chansey
|-start|p2a: Chansey|Reflect
|
|upkeep
|turn|27
|
|switch|p1a: Chansey|Chansey|209/703
|move|p2a: Chansey|Soft-Boiled|p2a: Chansey
|-heal|p2a: Chansey|703/703 par
|
|upkeep
|turn|28
|
|move|p1a: Chansey|Soft-Boiled|p1a: Chansey
|-heal|p1a: Chansey|560/703
|move|p2a: Chansey|Seismic Toss|p1a: Chansey
|-damage|p1a: Chansey|460/703
|
|upkeep
|turn|29
|
|switch|p2a: Exeggutor|Exeggutor|393/393
|move|p1a: Chansey|Soft-Boiled|p1a: Chansey
|-heal|p1a: Chansey|703/703
|
|upkeep
|turn|30
|
|move|p2a: Exeggutor|Sleep Powder|p1a: Chansey|[miss]
|-miss|p2a: Exeggutor
|move|p1a: Chansey|Thunder Wave|p2a: Exeggutor
|-status|p2a: Exeggutor|par
|
|upkeep
|turn|31
|
|switch|p1a: Starmie|Starmie|73/323 par
|move|p2a: Exeggutor|Sleep Powder|p1a: Starmie
|-fail|p1a: Starmie
|
|upkeep
|turn|32
|
|move|p1a: Starmie|Recover|p1a: Starmie
|-heal|p1a: Starmie|234/323 par
|move|p2a: Exeggutor|Psychic|p1a: Starmie
|-resisted|p1a: Starmie
|-damage|p1a: Starmie|172/323 par
|
|upkeep
|turn|33
|
|cant|p1a: Starmie|par
|cant|p2a: Exeggutor|par
|
|upkeep
|turn|34
|
|move|p1a: Starmie|Recover|p1a: Starmie
|-heal|p1a: Starmie|323/323 par
|move|p2a: Exeggutor|Double-Edge|p1a: Starmie
|-damage|p1a: Starmie|238/323 par
|-damage|p2a: Exeggutor|372/393 par|[from] Recoil|[of] p1a: Starmie
|
|upkeep
|turn|35
|
|cant|p1a: Starmie|par
|move|p2a: Exeggutor|Explosion|p1a: Starmie
|-damage|p1a: Starmie|0 fnt
|faint|p1a: Starmie
|faint|p2a: Exeggutor
|
|switch|p1a: Snorlax|Snorlax|523/523
|switch|p2a: Tauros|Tauros|353/353 par
|turn|36
|
|move|p1a: Snorlax|Body Slam|p2a: Tauros
|-damage|p2a: Tauros|244/353 par
|move|p2a: Tauros|Body Slam|p1a: Snorlax
|-damage|p1a: Snorlax|392/523
|
|upkeep
|turn|37
|
|move|p1a: Snorlax|Body Slam|p2a: Tauros
|-damage|p2a: Tauros|125/353 par
|move|p2a: Tauros|Body Slam|p1a: Snorlax
|-damage|p1a: Snorlax|259/523
|
|upkeep
|turn|38
|
|move|p1a: Snorlax|Hyper Beam|p2a: Tauros
|-damage|p2a: Tauros|0 fnt
|faint|p2a: Tauros
|
|switch|p2a: Snorlax|Snorlax|523/523
|turn|39
|
|switch|p1a: Chansey|Chansey|703/703
|move|p2a: Snorlax|Hyper Beam|p1a: Chansey
|-damage|p1a: Chansey|214/703
|-mustrecharge|p2a: Snorlax
|
|upkeep
|turn|40
|
|move|p1a: Chansey|Thunder Wave|p2a: Snorlax
|-status|p2a: Snorlax|par
|cant|p2a: Snorlax|recharge
|
|upkeep
|turn|41
|
|move|p1a: Chansey|Soft-Boiled|p1a: Chansey
|-heal|p1a: Chansey|565/703
|move|p2a: Snorlax|Body Slam|p1a: Chansey
|-damage|p1a: Chansey|290/703
|
|upkeep
|turn|42
|
|move|p1a: Chansey|Soft-Boiled|p1a: Chansey
|-heal|p1a: Chansey|641/703
|move|p2a: Snorlax|Body Slam|p1a: Chansey
|-damage|p1a: Chansey|329/703
|
|upkeep
|turn|43
|
|move|p1a: Chansey|Soft-Boiled|p1a: Chansey
|-heal|p1a: Chansey|680/703
|move|p2a: Snorlax|Body Slam|p1a: Chansey
|-damage|p1a: Chansey|368/703
|
|upkeep
|turn|44
|
|move|p1a: Chansey|Reflect|p1a: Chansey
|-start|p1a: Chansey|Reflect
|cant|p2a: Snorlax|par
|
|upkeep
|turn|45
|
|move|p1a: Chansey|Soft-Boiled|p1a: Chansey
|-heal|p1a: Chansey|703/703
|cant|p2a: Snorlax|par
|
|upkeep
|turn|46
|
|move|p1a: Chansey|Seismic Toss|p2a: Snorlax
|-damage|p2a: Snorlax|423/523 par
|move|p2a: Snorlax|Body Slam|p1a: Chansey
|-damage|p1a: Chansey|566/703
|
|upkeep
|turn|47
|
|switch|p2a: Lapras|Lapras|262/463 par
|move|p1a: Chansey|Seismic Toss|p2a: Lapras
|-damage|p2a: Lapras|162/463 par
|
|upkeep
|turn|48
|
|move|p1a: Chansey|Seismic Toss|p2a: Lapras
|-damage|p2a: Lapras|62/463 par
|move|p2a: Lapras|Sing|p1a: Chansey|[miss]
|-miss|p2a: Lapras
|
|upkeep
|turn|49
|
|move|p1a: Chansey|Seismic Toss|p2a: Lapras
|-damage|p2a: Lapras|0 fnt
|faint|p2a: Lapras
|
|switch|p2a: Snorlax|Snorlax|423/523 par
|turn|50
|
|move|p1a: Chansey|Seismic Toss|p2a: Snorlax
|-damage|p2a: Snorlax|323/523 par
|move|p2a: Snorlax|Body Slam|p1a: Chansey
|-damage|p1a: Chansey|412/703
|
|upkeep
|turn|51
|
|move|p1a: Chansey|Soft-Boiled|p1a: Chansey
|-heal|p1a: Chansey|703/703
|cant|p2a: Snorlax|par
|
|upkeep
|turn|52
|l| rby_EB0LA
|
|move|p1a: Chansey|Seismic Toss|p2a: Snorlax
|-damage|p2a: Snorlax|223/523 par
|move|p2a: Snorlax|Body Slam|p1a: Chansey
|-damage|p1a: Chansey|553/703
|
|upkeep
|turn|53
|
|move|p1a: Chansey|Seismic Toss|p2a: Snorlax
|-damage|p2a: Snorlax|123/523 par
|cant|p2a: Snorlax|par
|
|upkeep
|turn|54
|
|move|p1a: Chansey|Seismic Toss|p2a: Snorlax
|-damage|p2a: Snorlax|23/523 par
|move|p2a: Snorlax|Self-Destruct|p1a: Chansey
|-damage|p1a: Chansey|114/703
|faint|p2a: Snorlax
|
|switch|p2a: Chansey|Chansey|703/703 par
|turn|55
|
|move|p1a: Chansey|Soft-Boiled|p1a: Chansey
|-heal|p1a: Chansey|465/703
|cant|p2a: Chansey|par
|
|upkeep
|turn|56
|
|switch|p1a: Snorlax|Snorlax|259/523
|move|p2a: Chansey|Thunder Wave|p1a: Snorlax
|-status|p1a: Snorlax|par
|
|upkeep
|turn|57
|j| wyc2333
|
|cant|p2a: Chansey|par
|move|p1a: Snorlax|Self-Destruct|p2a: Chansey
|-damage|p2a: Chansey|0 fnt
|faint|p2a: Chansey
|faint|p1a: Snorlax
|
|win|false
