|j|☆Greengan
|j|☆starrank
|player|p1|Greengan|170
|player|p2|starrank|285
|teamsize|p1|6
|teamsize|p2|6
|gametype|singles
|gen|1
|tier|[Gen 1] OU
|rated|
|rule|Sleep Clause Mod: Limit one foe put to sleep
|rule|Freeze Clause Mod: Limit one foe frozen
|rule|Species Clause: Limit one of each Pokémon
|rule|OHKO Clause: OHKO moves are banned
|rule|Evasion Moves Clause: Evasion moves are banned
|rule|HP Percentage Mod: HP is shown in percentages
|
|start
|switch|p1a: Arcanine|Arcanine|383/383
|switch|p2a: Alakazam|Alakazam|313/313
|turn|1
|
|move|p2a: Alakazam|Thunder Wave|p1a: Arcanine
|-status|p1a: Arcanine|par
|cant|p1a: Arcanine|par
|
|upkeep
|turn|2
|
|move|p2a: Alakazam|Psychic|p1a: Arcanine
|-crit|p1a: Arcanine
|-damage|p1a: Arcanine|78/383 par
|-unboost|p1a: Arcanine|spd|1
|-unboost|p1a: Arcanine|spa|1
|move|p1a: Arcanine|Body Slam|p2a: Alakazam
|-damage|p2a: Alakazam|197/313
|
|upkeep
|turn|3
|
|switch|p1a: Chansey|Chansey|703/703
|move|p2a: Alakazam|Psychic|p1a: Chansey
|-damage|p1a: Chansey|571/703
|-unboost|p1a: Chansey|spd|1
|-unboost|p1a: Chansey|spa|1
|
|upkeep
|turn|4
|
|switch|p2a: Exeggutor|Exeggutor|393/393
|move|p1a: Chansey|Thunder Wave|p2a: Exeggutor
|-status|p2a: Exeggutor|par
|
|upkeep
|turn|5
|
|switch|p1a: Arcanine|Arcanine|78/383 par
|move|p2a: Exeggutor|Sleep Powder|p1a: Arcanine
|-fail|p1a: Arcanine
|
|upkeep
|turn|6
|
|switch|p2a: Snorlax|Snorlax|523/523
|cant|p1a: Arcanine|par
|
|upkeep
|turn|7
|
|switch|p1a: Cloyster|Cloyster|303/303
|move|p2a: Snorlax|Body Slam|p1a: Cloyster
|-damage|p1a: Cloyster|237/303
|
|upkeep
|turn|8
|
|move|p1a: Cloyster|Blizzard|p2a: Snorlax
|-damage|p2a: Snorlax|365/523
|move|p2a: Snorlax|Reflect|p2a: Snorlax
|-start|p2a: Snorlax|Reflect
|
|upkeep
|turn|9
|
|move|p1a: Cloyster|Blizzard|p2a: Snorlax
|-damage|p2a: Snorlax|211/523
|move|p2a: Snorlax|Body Slam|p1a: Cloyster
|-damage|p1a: Cloyster|167/303
|
|upkeep
|turn|10
|
|move|p1a: Cloyster|Clamp|p2a: Snorlax
|-damage|p2a: Snorlax|165/523
|cant|p2a: Snorlax|partiallytrapped
|
|upkeep
|turn|11
|
|switch|p2a: Exeggutor|Exeggutor|393/393 par
|move|p1a: Cloyster|Clamp|p2a: Exeggutor|[miss]
|-miss|p1a: Cloyster
|
|upkeep
|turn|12
|
|switch|p1a: Arcanine|Arcanine|78/383 par
|switch|p2a: Alakazam|Alakazam|197/313
|
|upkeep
|turn|13
|
|move|p2a: Alakazam|Psychic|p1a: Arcanine
|-crit|p1a: Arcanine
|-damage|p1a: Arcanine|0 fnt
|faint|p1a: Arcanine
|
|switch|p1a: Chansey|Chansey|571/703
|turn|14
|
|switch|p2a: Snorlax|Snorlax|165/523
|move|p1a: Chansey|Ice Beam|p2a: Snorlax
|-damage|p2a: Snorlax|62/523
|
|upkeep
|turn|15
|
|switch|p2a: Chansey|Chansey|703/703
|move|p1a: Chansey|Ice Beam|p2a: Chansey
|-damage|p2a: Chansey|626/703
|
|upkeep
|turn|16
|
|switch|p1a: Snorlax|Snorlax|523/523
|move|p2a: Chansey|Thunder Wave|p1a: Snorlax
|-status|p1a: Snorlax|par
|
|upkeep
|turn|17
|
|switch|p2a: Exeggutor|Exeggutor|393/393 par
|cant|p1a: Snorlax|par
|
|upkeep
|turn|18
|
|move|p2a: Exeggutor|Double-Edge|p1a: Snorlax
|-damage|p1a: Snorlax|426/523 par
|-damage|p2a: Exeggutor|369/393 par|[from] Recoil|[of] p1a: Snorlax
|cant|p1a: Snorlax|par
|
|upkeep
|turn|19
|
|cant|p2a: Exeggutor|par
|move|p1a: Snorlax|Body Slam|p2a: Exeggutor
|-damage|p2a: Exeggutor|242/393 par
|
|upkeep
|turn|20
|
|move|p2a: Exeggutor|Explosion|p1a: Snorlax
|-damage|p1a: Snorlax|107/523 par
|faint|p2a: Exeggutor
|
|switch|p2a: Alakazam|Alakazam|197/313
|turn|21
|
|switch|p1a: Chansey|Chansey|571/703
|move|p2a: Alakazam|Psychic|p1a: Chansey
|-damage|p1a: Chansey|445/703
|
|upkeep
|turn|22
|
|switch|p2a: Chansey|Chansey|626/703
|move|p1a: Chansey|Soft-Boiled|p1a: Chansey
|-heal|p1a: Chansey|703/703
|
|upkeep
|turn|23
|
|move|p1a: Chansey|Thunder Wave|p2a: Chansey
|-status|p2a: Chansey|par
|cant|p2a: Chansey|par
|
|upkeep
|turn|24
|
|switch|p1a: Snorlax|Snorlax|107/523 par
|move|p2a: Chansey|Thunder Wave|p1a: Snorlax
|-fail|p1a: Snorlax|par
|
|upkeep
|turn|25
|
|move|p2a: Chansey|Seismic Toss|p1a: Snorlax
|-damage|p1a: Snorlax|7/523 par
|move|p1a: Snorlax|Hyper Beam|p2a: Chansey
|-damage|p2a: Chansey|102/703 par
|-mustrecharge|p1a: Snorlax
|
|upkeep
|turn|26
|
|move|p2a: Chansey|Soft-Boiled|p2a: Chansey
|-heal|p2a: Chansey|453/703 par
|cant|p1a: Snorlax|recharge
|
|upkeep
|turn|27
|
|move|p2a: Chansey|Seismic Toss|p1a: Snorlax|[miss]
|-miss|p2a: Chansey
|-hint|In Gen 1, moves with 100% accurracy can still miss 1/256 of the time.
|move|p1a: Snorlax|Body Slam|p2a: Chansey
|-damage|p2a: Chansey|163/703 par
|
|upkeep
|turn|28
|
|move|p2a: Chansey|Seismic Toss|p1a: Snorlax
|-damage|p1a: Snorlax|0 fnt
|faint|p1a: Snorlax
|
|switch|p1a: Cloyster|Cloyster|167/303
|turn|29
|
|move|p1a: Cloyster|Clamp|p2a: Chansey
|-damage|p2a: Chansey|125/703 par
|cant|p2a: Chansey|partiallytrapped
|
|upkeep
|turn|30
|
|switch|p2a: Alakazam|Alakazam|197/313
|move|p1a: Cloyster|Clamp|p2a: Alakazam
|-damage|p2a: Alakazam|164/313
|
|upkeep
|turn|31
|
|cant|p2a: Alakazam|partiallytrapped
|move|p1a: Cloyster|Clamp|p2a: Alakazam|[from]Clamp
|-damage|p2a: Alakazam|131/313
|
|upkeep
|turn|32
|
|cant|p2a: Alakazam|partiallytrapped
|move|p1a: Cloyster|Clamp|p2a: Alakazam|[from]Clamp
|-damage|p2a: Alakazam|98/313
|
|upkeep
|turn|33
|
|switch|p2a: Starmie|Starmie|323/323
|move|p1a: Cloyster|Clamp|p2a: Starmie|[miss]
|-miss|p1a: Cloyster
|
|upkeep
|turn|34
|
|switch|p1a: Chansey|Chansey|703/703
|move|p2a: Starmie|Thunder Wave|p1a: Chansey
|-status|p1a: Chansey|par
|
|upkeep
|turn|35
|
|switch|p2a: Chansey|Chansey|125/703 par
|move|p1a: Chansey|Thunderbolt|p2a: Chansey
|-damage|p2a: Chansey|56/703 par
|
|upkeep
|turn|36
|
|switch|p2a: Snorlax|Snorlax|62/523
|move|p1a: Chansey|Thunderbolt|p2a: Snorlax
|-damage|p2a: Snorlax|0 fnt
|faint|p2a: Snorlax
|
|switch|p2a: Alakazam|Alakazam|98/313
|turn|37
|
|move|p2a: Alakazam|Recover|p2a: Alakazam
|-heal|p2a: Alakazam|254/313
|move|p1a: Chansey|Thunder Wave|p2a: Alakazam
|-status|p2a: Alakazam|par
|
|upkeep
|turn|38
|
|move|p2a: Alakazam|Psychic|p1a: Chansey
|-crit|p1a: Chansey
|-damage|p1a: Chansey|447/703 par
|cant|p1a: Chansey|par
|
|upkeep
|turn|39
|
|move|p2a: Alakazam|Psychic|p1a: Chansey
|-crit|p1a: Chansey
|-damage|p1a: Chansey|201/703 par
|move|p1a: Chansey|Soft-Boiled|p1a: Chansey
|-heal|p1a: Chansey|552/703 par
|
|upkeep
|turn|40
|
|move|p2a: Alakazam|Psychic|p1a: Chansey
|-damage|p1a: Chansey|423/703 par
|move|p1a: Chansey|Soft-Boiled|p1a: Chansey
|-heal|p1a: Chansey|703/703 par
|
|upkeep
|turn|41
|
|cant|p2a: Alakazam|par
|move|p1a: Chansey|Thunderbolt|p2a: Alakazam
|-damage|p2a: Alakazam|189/313 par
|
|upkeep
|turn|42
|
|move|p2a: Alakazam|Seismic Toss|p1a: Chansey
|-damage|p1a: Chansey|603/703 par
|move|p1a: Chansey|Ice Beam|p2a: Alakazam
|-damage|p2a: Alakazam|131/313 par
|
|upkeep
|turn|43
|
|switch|p1a: Cloyster|Cloyster|167/303
|move|p2a: Alakazam|Recover|p2a: Alakazam
|-heal|p2a: Alakazam|287/313 par
|
|upkeep
|turn|44
|
|switch|p2a: Starmie|Starmie|323/323
|move|p1a: Cloyster|Clamp|p2a: Starmie
|-resisted|p2a: Starmie
|-damage|p2a: Starmie|303/323
|
|upkeep
|turn|45
|
|cant|p2a: Starmie|partiallytrapped
|move|p1a: Cloyster|Clamp|p2a: Starmie|[from]Clamp
|-damage|p2a: Starmie|283/323
|
|upkeep
|turn|46
|
|switch|p1a: Chansey|Chansey|603/703 par
|move|p2a: Starmie|Psychic|p1a: Chansey
|-crit|p1a: Chansey
|-damage|p1a: Chansey|419/703 par
|
|upkeep
|turn|47
|
|switch|p2a: Alakazam|Alakazam|287/313 par
|switch|p1a: Tauros|Tauros|353/353
|
|upkeep
|turn|48
|
|move|p1a: Tauros|Body Slam|p2a: Alakazam
|-damage|p2a: Alakazam|131/313 par
|move|p2a: Alakazam|Thunder Wave|p1a: Tauros
|-status|p1a: Tauros|par
|
|upkeep
|turn|49
|
|move|p2a: Alakazam|Recover|p2a: Alakazam
|-heal|p2a: Alakazam|287/313 par
|move|p1a: Tauros|Body Slam|p2a: Alakazam
|-damage|p2a: Alakazam|139/313 par
|
|upkeep
|turn|50
|
|move|p2a: Alakazam|Recover|p2a: Alakazam
|-heal|p2a: Alakazam|295/313 par
|move|p1a: Tauros|Body Slam|p2a: Alakazam
|-damage|p2a: Alakazam|128/313 par
|
|upkeep
|turn|51
|
|move|p2a: Alakazam|Recover|p2a: Alakazam
|-heal|p2a: Alakazam|284/313 par
|move|p1a: Tauros|Body Slam|p2a: Alakazam
|-crit|p2a: Alakazam
|-damage|p2a: Alakazam|0 fnt
|faint|p2a: Alakazam
|
|switch|p2a: Tauros|Tauros|353/353
|turn|52
|
|move|p2a: Tauros|Body Slam|p1a: Tauros
|-damage|p1a: Tauros|250/353 par
|move|p1a: Tauros|Body Slam|p2a: Tauros
|-damage|p2a: Tauros|249/353
|
|upkeep
|turn|53
|
|move|p2a: Tauros|Body Slam|p1a: Tauros
|-damage|p1a: Tauros|145/353 par
|move|p1a: Tauros|Hyper Beam|p2a: Tauros
|-damage|p2a: Tauros|65/353
|-mustrecharge|p1a: Tauros
|
|upkeep
|turn|54
|
|move|p2a: Tauros|Hyper Beam|p1a: Tauros
|-damage|p1a: Tauros|0 fnt
|faint|p1a: Tauros
|
|switch|p1a: Alakazam|Alakazam|313/313
|turn|55
|
|switch|p2a: Chansey|Chansey|56/703 par
|move|p1a: Alakazam|Psychic|p2a: Chansey
|-damage|p2a: Chansey|0 fnt
|faint|p2a: Chansey
|
|switch|p2a: Starmie|Starmie|283/323
|turn|56
|
|switch|p1a: Chansey|Chansey|419/703 par
|move|p2a: Starmie|Thunder Wave|p1a: Chansey
|-fail|p1a: Chansey|par
|
|upkeep
|turn|57
|
|move|p2a: Starmie|Psychic|p1a: Chansey
|-damage|p1a: Chansey|325/703 par
|-unboost|p1a: Chansey|spd|1
|-unboost|p1a: Chansey|spa|1
|cant|p1a: Chansey|par
|
|upkeep
|turn|58
|
|move|p2a: Starmie|Psychic|p1a: Chansey
|-crit|p1a: Chansey
|-damage|p1a: Chansey|143/703 par
|-unboost|p1a: Chansey|spd|1
|-unboost|p1a: Chansey|spa|1
|move|p1a: Chansey|Soft-Boiled|p1a: Chansey
|-heal|p1a: Chansey|494/703 par
|
|upkeep
|turn|59
|
|switch|p1a: Alakazam|Alakazam|313/313
|move|p2a: Starmie|Psychic|p1a: Alakazam
|-resisted|p1a: Alakazam
|-damage|p1a: Alakazam|274/313
|-unboost|p1a: Alakazam|spd|1
|-unboost|p1a: Alakazam|spa|1
|
|upkeep
|turn|60
|
|move|p1a: Alakazam|Thunder Wave|p2a: Starmie
|-status|p2a: Starmie|par
|move|p2a: Starmie|Psychic|p1a: Alakazam
|-resisted|p1a: Alakazam
|-damage|p1a: Alakazam|210/313
|
|upkeep
|turn|61
|
|switch|p1a: Chansey|Chansey|494/703 par
|cant|p2a: Starmie|par
|
|upkeep
|turn|62
|
|cant|p2a: Starmie|par
|move|p1a: Chansey|Thunderbolt|p2a: Starmie
|-supereffective|p2a: Starmie
|-damage|p2a: Starmie|138/323 par
|
|upkeep
|turn|63
|
|move|p2a: Starmie|Psychic|p1a: Chansey
|-damage|p1a: Chansey|384/703 par
|move|p1a: Chansey|Thunderbolt|p2a: Starmie
|-supereffective|p2a: Starmie
|-damage|p2a: Starmie|0 fnt
|faint|p2a: Starmie
|
|switch|p2a: Tauros|Tauros|65/353
|turn|64
|
|move|p2a: Tauros|Hyper Beam|p1a: Chansey
|-damage|p1a: Chansey|0 fnt
|faint|p1a: Chansey
|
|switch|p1a: Cloyster|Cloyster|167/303
|turn|65
|
|move|p2a: Tauros|Hyper Beam|p1a: Cloyster
|-damage|p1a: Cloyster|45/303
|-mustrecharge|p2a: Tauros
|move|p1a: Cloyster|Blizzard|p2a: Tauros
|-damage|p2a: Tauros|0 fnt
|faint|p2a: Tauros
|
|win|Greengan
|raw|Greengan's rating: 1260 &rarr; <strong>1279</strong><br />(+19 for winning)
|raw|starrank's rating: 1184 &rarr; <strong>1165</strong><br />(-19 for losing)
|c|☆starrank|gg
|c|☆Greengan|gg
|l|☆Greengan
