|j|☆Omastar & Khaetis
|j|☆Boubzi
|player|p1|Omastar & Khaetis|47
|player|p2|Boubzi|43
|teamsize|p1|6
|teamsize|p2|6
|gametype|singles
|gen|1
|tier|[Gen 1] OU
|rated|
|rule|Sleep Clause Mod: Limit one foe put to sleep
|rule|Freeze Clause Mod: Limit one foe frozen
|rule|Species Clause: Limit one of each Pokémon
|rule|OHKO Clause: OHKO moves are banned
|rule|Evasion Moves Clause: Evasion moves are banned
|rule|HP Percentage Mod: HP is shown in percentages
|
|start
|switch|p1a: Starmie|Starmie|323/323
|switch|p2a: Exeggutor|Exeggutor|393/393
|turn|1
|
|move|p1a: Starmie|Thunder Wave|p2a: Exeggutor
|-status|p2a: Exeggutor|par
|move|p2a: Exeggutor|Sleep Powder|p1a: Starmie
|-status|p1a: Starmie|slp|[from] move: Sleep Powder
|
|upkeep
|turn|2
|
|cant|p1a: Starmie|slp
|cant|p2a: Exeggutor|par
|
|upkeep
|turn|3
|
|cant|p1a: Starmie|slp
|move|p2a: Exeggutor|Psychic|p1a: Starmie
|-resisted|p1a: Starmie
|-damage|p1a: Starmie|261/323 slp
|
|upkeep
|turn|4
|
|cant|p1a: Starmie|slp
|cant|p2a: Exeggutor|par
|
|upkeep
|turn|5
|
|-curestatus|p1a: Starmie|slp|[msg]
|move|p2a: Exeggutor|Psychic|p1a: Starmie
|-crit|p1a: Starmie
|-resisted|p1a: Starmie
|-damage|p1a: Starmie|144/323
|-unboost|p1a: Starmie|spd|1
|-unboost|p1a: Starmie|spa|1
|
|upkeep
|turn|6
|
|move|p1a: Starmie|Recover|p1a: Starmie
|-heal|p1a: Starmie|305/323
|move|p2a: Exeggutor|Sleep Powder|p1a: Starmie
|-status|p1a: Starmie|slp|[from] move: Sleep Powder
|
|upkeep
|turn|7
|
|switch|p1a: Chansey|Chansey|703/703
|cant|p2a: Exeggutor|par
|
|upkeep
|turn|8
|
|move|p1a: Chansey|Ice Beam|p2a: Exeggutor
|-supereffective|p2a: Exeggutor
|-damage|p2a: Exeggutor|265/393 par
|move|p2a: Exeggutor|Explosion|p1a: Chansey
|-damage|p1a: Chansey|0 fnt
|faint|p1a: Chansey
|faint|p2a: Exeggutor
|
|switch|p1a: Exeggutor|Exeggutor|393/393
|switch|p2a: Snorlax|Snorlax|523/523
|turn|9
|
|move|p1a: Exeggutor|Sleep Powder|p2a: Snorlax
|-status|p2a: Snorlax|slp|[from] move: Sleep Powder
|cant|p2a: Snorlax|slp
|
|upkeep
|turn|10
|
|switch|p2a: Tauros|Tauros|353/353
|move|p1a: Exeggutor|Psychic|p2a: Tauros
|-damage|p2a: Tauros|199/353
|
|upkeep
|turn|11
|
|switch|p1a: Snorlax|Snorlax|523/523
|move|p2a: Tauros|Blizzard|p1a: Snorlax
|-damage|p1a: Snorlax|421/523
|-status|p1a: Snorlax|frz
|
|upkeep
|turn|12
|
|switch|p1a: Cloyster|Cloyster|303/303
|move|p2a: Tauros|Earthquake|p1a: Cloyster
|-crit|p1a: Cloyster
|-damage|p1a: Cloyster|202/303
|
|upkeep
|turn|13
|
|switch|p2a: Starmie|Starmie|323/323
|move|p1a: Cloyster|Ice Beam|p2a: Starmie
|-resisted|p2a: Starmie
|-damage|p2a: Starmie|276/323
|-status|p2a: Starmie|frz
|
|upkeep
|turn|14
|
|switch|p2a: Tauros|Tauros|199/353
|move|p1a: Cloyster|Ice Beam|p2a: Tauros
|-damage|p2a: Tauros|74/353
|-message|Freeze Clause activated.
|
|upkeep
|turn|15
|
|move|p2a: Tauros|Hyper Beam|p1a: Cloyster
|-damage|p1a: Cloyster|90/303
|-mustrecharge|p2a: Tauros
|move|p1a: Cloyster|Ice Beam|p2a: Tauros
|-crit|p2a: Tauros
|-damage|p2a: Tauros|0 fnt
|faint|p2a: Tauros
|
|switch|p2a: Chansey|Chansey|703/703
|turn|16
|
|move|p1a: Cloyster|Clamp|p2a: Chansey
|-damage|p2a: Chansey|669/703
|cant|p2a: Chansey|partiallytrapped
|
|upkeep
|turn|17
|
|move|p1a: Cloyster|Clamp|p2a: Chansey|[from]Clamp
|-damage|p2a: Chansey|635/703
|cant|p2a: Chansey|partiallytrapped
|
|upkeep
|turn|18
|
|move|p1a: Cloyster|Explosion|p2a: Chansey
|-damage|p2a: Chansey|0 fnt
|faint|p2a: Chansey
|faint|p1a: Cloyster
|
|switch|p1a: Exeggutor|Exeggutor|393/393
|switch|p2a: Rhydon|Rhydon|413/413
|turn|19
|
|switch|p2a: Starmie|Starmie|276/323 frz
|move|p1a: Exeggutor|Psychic|p2a: Starmie
|-resisted|p2a: Starmie
|-damage|p2a: Starmie|214/323 frz
|
|upkeep
|turn|20
|
|cant|p2a: Starmie|frz
|move|p1a: Exeggutor|Psychic|p2a: Starmie
|-resisted|p2a: Starmie
|-damage|p2a: Starmie|151/323 frz
|
|upkeep
|turn|21
|
|cant|p2a: Starmie|frz
|move|p1a: Exeggutor|Psychic|p2a: Starmie
|-resisted|p2a: Starmie
|-damage|p2a: Starmie|85/323 frz
|
|upkeep
|turn|22
|
|cant|p2a: Starmie|frz
|move|p1a: Exeggutor|Psychic|p2a: Starmie
|-crit|p2a: Starmie
|-resisted|p2a: Starmie
|-damage|p2a: Starmie|0 fnt
|faint|p2a: Starmie
|
|switch|p2a: Rhydon|Rhydon|413/413
|turn|23
|
|move|p1a: Exeggutor|Psychic|p2a: Rhydon
|-damage|p2a: Rhydon|223/413
|move|p2a: Rhydon|Earthquake|p1a: Exeggutor
|-resisted|p1a: Exeggutor
|-damage|p1a: Exeggutor|311/393
|
|upkeep
|turn|24
|
|switch|p2a: Snorlax|Snorlax|523/523 slp
|move|p1a: Exeggutor|Psychic|p2a: Snorlax
|-damage|p2a: Snorlax|351/523 slp
|
|upkeep
|turn|25
|-message|Boubzi forfeited.
|
|win|Omastar & Khaetis
|l|☆Boubzi
|raw|Omastar &amp; Khaetis's rating: 1385 &rarr; <strong>1393</strong><br />(+8 for winning)
|raw|Boubzi's rating: 1154 &rarr; <strong>1144</strong><br />(-10 for losing)
