|j|☆Boubzi
|j|☆doodles1992
|player|p1|Boubzi|43
|player|p2|doodles1992|293
|teamsize|p1|6
|teamsize|p2|6
|gametype|singles
|gen|1
|tier|[Gen 1] OU
|rated|
|rule|Sleep Clause Mod: Limit one foe put to sleep
|rule|Freeze Clause Mod: Limit one foe frozen
|rule|Species Clause: Limit one of each Pokémon
|rule|OHKO Clause: OHKO moves are banned
|rule|Evasion Moves Clause: Evasion moves are banned
|rule|HP Percentage Mod: HP is shown in percentages
|
|start
|switch|p1a: Jynx|Jynx|333/333
|switch|p2a: Jolteon|Jolteon|333/333
|turn|1
|
|move|p2a: Jolteon|Thunder Wave|p1a: Jynx
|-status|p1a: Jynx|par
|move|p1a: Jynx|Lovely Kiss|p2a: Jolteon|[miss]
|-miss|p1a: Jynx
|
|upkeep
|turn|2
|
|move|p2a: Jolteon|Thunderbolt|p1a: Jynx
|-damage|p1a: Jynx|214/333 par
|move|p1a: Jynx|Reflect|p1a: Jynx
|-start|p1a: Jynx|Reflect
|
|upkeep
|turn|3
|
|move|p2a: Jolteon|Thunderbolt|p1a: Jynx
|-crit|p1a: Jynx
|-damage|p1a: Jynx|0 fnt
|faint|p1a: Jynx
|
|switch|p1a: Rhydon|Rhydon|413/413
|turn|4
|
|switch|p2a: Slowbro|Slowbro|393/393
|move|p1a: Rhydon|Earthquake|p2a: Slowbro
|-damage|p2a: Slowbro|269/393
|
|upkeep
|turn|5
|
|switch|p1a: Exeggutor|Exeggutor|393/393
|move|p2a: Slowbro|Surf|p1a: Exeggutor
|-resisted|p1a: Exeggutor
|-damage|p1a: Exeggutor|351/393
|
|upkeep
|turn|6
|
|switch|p2a: Zapdos|Zapdos|383/383
|move|p1a: Exeggutor|Sleep Powder|p2a: Zapdos
|-status|p2a: Zapdos|slp|[from] move: Sleep Powder
|
|upkeep
|turn|7
|
|cant|p2a: Zapdos|slp
|move|p1a: Exeggutor|Psychic|p2a: Zapdos
|-damage|p2a: Zapdos|272/383 slp
|
|upkeep
|turn|8
|
|cant|p2a: Zapdos|slp
|move|p1a: Exeggutor|Psychic|p2a: Zapdos
|-damage|p2a: Zapdos|168/383 slp
|
|upkeep
|turn|9
|
|cant|p2a: Zapdos|slp
|move|p1a: Exeggutor|Psychic|p2a: Zapdos
|-damage|p2a: Zapdos|70/383 slp
|
|upkeep
|turn|10
|
|-curestatus|p2a: Zapdos|slp|[msg]
|move|p1a: Exeggutor|Psychic|p2a: Zapdos
|-damage|p2a: Zapdos|0 fnt
|faint|p2a: Zapdos
|
|switch|p2a: Chansey|Chansey|703/703
|turn|11
|
|move|p1a: Exeggutor|Sleep Powder|p2a: Chansey|[miss]
|-miss|p1a: Exeggutor
|move|p2a: Chansey|Ice Beam|p1a: Exeggutor
|-supereffective|p1a: Exeggutor
|-damage|p1a: Exeggutor|224/393
|
|upkeep
|turn|12
|
|move|p1a: Exeggutor|Sleep Powder|p2a: Chansey
|-status|p2a: Chansey|slp|[from] move: Sleep Powder
|cant|p2a: Chansey|slp
|
|upkeep
|turn|13
|
|move|p1a: Exeggutor|Psychic|p2a: Chansey
|-damage|p2a: Chansey|581/703 slp
|cant|p2a: Chansey|slp
|
|upkeep
|turn|14
|
|move|p1a: Exeggutor|Poison Powder|p2a: Chansey
|-fail|p2a: Chansey
|cant|p2a: Chansey|slp
|
|upkeep
|turn|15
|
|switch|p1a: Tauros|Tauros|353/353
|-curestatus|p2a: Chansey|slp|[msg]
|
|upkeep
|turn|16
|
|switch|p2a: Golem|Golem|363/363
|move|p1a: Tauros|Body Slam|p2a: Golem
|-crit|p2a: Golem
|-resisted|p2a: Golem
|-damage|p2a: Golem|289/363
|
|upkeep
|turn|17
|
|move|p1a: Tauros|Blizzard|p2a: Golem
|-supereffective|p2a: Golem
|-damage|p2a: Golem|78/363
|move|p2a: Golem|Earthquake|p1a: Tauros
|-damage|p1a: Tauros|214/353
|
|upkeep
|turn|18
|
|switch|p2a: Chansey|Chansey|581/703
|move|p1a: Tauros|Blizzard|p2a: Chansey|[miss]
|-miss|p1a: Tauros
|
|upkeep
|turn|19
|
|move|p1a: Tauros|Body Slam|p2a: Chansey
|-crit|p2a: Chansey
|-damage|p2a: Chansey|62/703
|move|p2a: Chansey|Thunder Wave|p1a: Tauros
|-status|p1a: Tauros|par
|
|upkeep
|turn|20
|
|move|p2a: Chansey|Soft-Boiled|p2a: Chansey
|-heal|p2a: Chansey|413/703
|move|p1a: Tauros|Hyper Beam|p2a: Chansey|[miss]
|-miss|p1a: Tauros
|
|upkeep
|turn|21
|
|switch|p1a: Exeggutor|Exeggutor|224/393
|move|p2a: Chansey|Ice Beam|p1a: Exeggutor
|-supereffective|p1a: Exeggutor
|-damage|p1a: Exeggutor|92/393
|
|upkeep
|turn|22
|
|move|p1a: Exeggutor|Explosion|p2a: Chansey
|-damage|p2a: Chansey|0 fnt
|faint|p2a: Chansey
|faint|p1a: Exeggutor
|
|switch|p1a: Tauros|Tauros|214/353 par
|switch|p2a: Jolteon|Jolteon|333/333
|turn|23
|
|move|p2a: Jolteon|Thunderbolt|p1a: Tauros
|-crit|p1a: Tauros
|-damage|p1a: Tauros|0 fnt
|faint|p1a: Tauros
|
|switch|p1a: Rhydon|Rhydon|413/413
|turn|24
|
|switch|p2a: Slowbro|Slowbro|269/393
|move|p1a: Rhydon|Earthquake|p2a: Slowbro
|-damage|p2a: Slowbro|129/393
|
|upkeep
|turn|25
|
|switch|p1a: Snorlax|Snorlax|523/523
|move|p2a: Slowbro|Surf|p1a: Snorlax
|-damage|p1a: Snorlax|389/523
|
|upkeep
|turn|26
|
|move|p2a: Slowbro|Thunder Wave|p1a: Snorlax
|-status|p1a: Snorlax|par
|move|p1a: Snorlax|Body Slam|p2a: Slowbro
|-damage|p2a: Slowbro|33/393
|
|upkeep
|turn|27
|
|move|p2a: Slowbro|Surf|p1a: Snorlax
|-damage|p1a: Snorlax|254/523 par
|cant|p1a: Snorlax|par
|
|upkeep
|turn|28
|
|move|p2a: Slowbro|Surf|p1a: Snorlax
|-damage|p1a: Snorlax|136/523 par
|move|p1a: Snorlax|Body Slam|p2a: Slowbro
|-damage|p2a: Slowbro|0 fnt
|faint|p2a: Slowbro
|
|switch|p2a: Golem|Golem|78/363
|turn|29
|
|move|p2a: Golem|Earthquake|p1a: Snorlax
|-damage|p1a: Snorlax|0 fnt
|faint|p1a: Snorlax
|
|switch|p1a: Chansey|Chansey|703/703
|turn|30
|
|move|p1a: Chansey|Ice Beam|p2a: Golem
|-supereffective|p2a: Golem
|-damage|p2a: Golem|0 fnt
|faint|p2a: Golem
|
|switch|p2a: Jolteon|Jolteon|333/333
|turn|31
|
|move|p2a: Jolteon|Thunder Wave|p1a: Chansey
|-status|p1a: Chansey|par
|move|p1a: Chansey|Reflect|p1a: Chansey
|-start|p1a: Chansey|Reflect
|
|upkeep
|turn|32
|
|move|p2a: Jolteon|Body Slam|p1a: Chansey
|-damage|p1a: Chansey|627/703 par
|move|p1a: Chansey|Thunder Wave|p2a: Jolteon
|-status|p2a: Jolteon|par
|
|upkeep
|turn|33
|
|move|p2a: Jolteon|Pin Missile|p1a: Chansey
|-damage|p1a: Chansey|615/703 par
|-damage|p1a: Chansey|603/703 par
|-damage|p1a: Chansey|591/703 par
|-damage|p1a: Chansey|579/703 par
|-damage|p1a: Chansey|567/703 par
|-hitcount|p1a: Chansey|5
|cant|p1a: Chansey|par
|
|upkeep
|turn|34
|
|move|p2a: Jolteon|Thunderbolt|p1a: Chansey
|-damage|p1a: Chansey|453/703 par
|move|p1a: Chansey|Ice Beam|p2a: Jolteon
|-damage|p2a: Jolteon|257/333 par
|
|upkeep
|turn|35
|
|cant|p2a: Jolteon|par
|move|p1a: Chansey|Thunder Wave|p2a: Jolteon
|-fail|p2a: Jolteon|par
|
|upkeep
|turn|36
|
|move|p2a: Jolteon|Thunderbolt|p1a: Chansey
|-damage|p1a: Chansey|344/703 par
|move|p1a: Chansey|Ice Beam|p2a: Jolteon
|-damage|p2a: Jolteon|185/333 par
|
|upkeep
|turn|37
|
|move|p2a: Jolteon|Thunderbolt|p1a: Chansey
|-damage|p1a: Chansey|221/703 par
|move|p1a: Chansey|Soft-Boiled|p1a: Chansey
|-heal|p1a: Chansey|572/703 par
|
|upkeep
|turn|38
|
|switch|p2a: Exeggutor|Exeggutor|393/393
|move|p1a: Chansey|Ice Beam|p2a: Exeggutor
|-supereffective|p2a: Exeggutor
|-damage|p2a: Exeggutor|257/393
|
|upkeep
|turn|39
|
|switch|p2a: Jolteon|Jolteon|185/333 par
|move|p1a: Chansey|Ice Beam|p2a: Jolteon
|-damage|p2a: Jolteon|109/333 par
|
|upkeep
|turn|40
|
|move|p2a: Jolteon|Thunderbolt|p1a: Chansey
|-crit|p1a: Chansey
|-damage|p1a: Chansey|344/703 par
|move|p1a: Chansey|Ice Beam|p2a: Jolteon
|-damage|p2a: Jolteon|34/333 par
|
|upkeep
|turn|41
|
|move|p2a: Jolteon|Thunderbolt|p1a: Chansey
|-damage|p1a: Chansey|223/703 par
|cant|p1a: Chansey|par
|
|upkeep
|turn|42
|
|cant|p2a: Jolteon|par
|cant|p1a: Chansey|par
|
|upkeep
|turn|43
|
|move|p2a: Jolteon|Thunderbolt|p1a: Chansey
|-crit|p1a: Chansey
|-damage|p1a: Chansey|9/703 par
|move|p1a: Chansey|Soft-Boiled|p1a: Chansey
|-heal|p1a: Chansey|360/703 par
|
|upkeep
|turn|44
|
|move|p2a: Jolteon|Thunderbolt|p1a: Chansey
|-damage|p1a: Chansey|242/703 par
|move|p1a: Chansey|Soft-Boiled|p1a: Chansey
|-heal|p1a: Chansey|593/703 par
|
|upkeep
|turn|45
|
|move|p2a: Jolteon|Thunderbolt|p1a: Chansey
|-crit|p1a: Chansey
|-damage|p1a: Chansey|370/703 par
|move|p1a: Chansey|Ice Beam|p2a: Jolteon
|-damage|p2a: Jolteon|0 fnt
|faint|p2a: Jolteon
|
|switch|p2a: Exeggutor|Exeggutor|257/393
|turn|46
|
|move|p2a: Exeggutor|Mega Drain|p1a: Chansey|[miss]
|-miss|p2a: Exeggutor
|-hint|In Gen 1, moves with 100% accurracy can still miss 1/256 of the time.
|move|p1a: Chansey|Ice Beam|p2a: Exeggutor
|-supereffective|p2a: Exeggutor
|-damage|p2a: Exeggutor|134/393
|
|upkeep
|turn|47
|
|move|p2a: Exeggutor|Mega Drain|p1a: Chansey
|-damage|p1a: Chansey|314/703 par
|-heal|p2a: Exeggutor|162/393|[from] drain|[of] p1a: Chansey
|cant|p1a: Chansey|par
|
|upkeep
|turn|48
|
|move|p2a: Exeggutor|Mega Drain|p1a: Chansey
|-damage|p1a: Chansey|260/703 par
|-heal|p2a: Exeggutor|189/393|[from] drain|[of] p1a: Chansey
|move|p1a: Chansey|Soft-Boiled|p1a: Chansey
|-heal|p1a: Chansey|611/703 par
|
|upkeep
|turn|49
|
|move|p2a: Exeggutor|Mega Drain|p1a: Chansey
|-damage|p1a: Chansey|556/703 par
|-heal|p2a: Exeggutor|216/393|[from] drain|[of] p1a: Chansey
|cant|p1a: Chansey|par
|
|upkeep
|turn|50
|
|move|p2a: Exeggutor|Psychic|p1a: Chansey
|-damage|p1a: Chansey|426/703 par
|-unboost|p1a: Chansey|spd|1
|-unboost|p1a: Chansey|spa|1
|move|p1a: Chansey|Thunder Wave|p2a: Exeggutor
|-status|p2a: Exeggutor|par
|
|upkeep
|turn|51
|
|cant|p2a: Exeggutor|par
|cant|p1a: Chansey|par
|
|upkeep
|turn|52
|
|move|p2a: Exeggutor|Psychic|p1a: Chansey
|-damage|p1a: Chansey|242/703 par
|move|p1a: Chansey|Ice Beam|p2a: Exeggutor
|-supereffective|p2a: Exeggutor
|-damage|p2a: Exeggutor|130/393 par
|
|upkeep
|turn|53
|
|cant|p2a: Exeggutor|par
|move|p1a: Chansey|Soft-Boiled|p1a: Chansey
|-heal|p1a: Chansey|593/703 par
|
|upkeep
|turn|54
|
|switch|p1a: Rhydon|Rhydon|413/413
|move|p2a: Exeggutor|Mega Drain|p1a: Rhydon
|-supereffective|p1a: Rhydon
|-damage|p1a: Rhydon|85/413
|-heal|p2a: Exeggutor|294/393 par|[from] drain|[of] p1a: Rhydon
|
|upkeep
|turn|55
|
|move|p1a: Rhydon|Fire Blast|p2a: Exeggutor
|-supereffective|p2a: Exeggutor
|-damage|p2a: Exeggutor|183/393 par
|move|p2a: Exeggutor|Mega Drain|p1a: Rhydon
|-crit|p1a: Rhydon
|-supereffective|p1a: Rhydon
|-damage|p1a: Rhydon|0 fnt
|-heal|p2a: Exeggutor|225/393 par|[from] drain|[of] p1a: Rhydon
|faint|p1a: Rhydon
|
|switch|p1a: Chansey|Chansey|593/703 par
|turn|56
|
|move|p2a: Exeggutor|Explosion|p1a: Chansey
|-damage|p1a: Chansey|0 fnt
|faint|p1a: Chansey
|faint|p2a: Exeggutor
|
|win|doodles1992
