|j|☆areyousneaky
|j|☆doodles1992
|player|p1|areyousneaky|2
|player|p2|doodles1992|293
|teamsize|p1|6
|teamsize|p2|6
|gametype|singles
|gen|1
|tier|[Gen 1] OU
|rated|
|rule|Sleep Clause Mod: Limit one foe put to sleep
|rule|Freeze Clause Mod: Limit one foe frozen
|rule|Species Clause: Limit one of each Pokémon
|rule|OHKO Clause: OHKO moves are banned
|rule|Evasion Moves Clause: Evasion moves are banned
|rule|HP Percentage Mod: HP is shown in percentages
|
|start
|switch|p1a: Snorlax|Snorlax|523/523
|switch|p2a: Jynx|Jynx|333/333
|turn|1
|
|move|p2a: Jynx|Lovely Kiss|p1a: Snorlax|[miss]
|-miss|p2a: Jynx
|move|p1a: Snorlax|Reflect|p1a: Snorlax
|-start|p1a: Snorlax|Reflect
|
|upkeep
|turn|2
|
|move|p2a: Jynx|Blizzard|p1a: Snorlax|[miss]
|-miss|p2a: Jynx
|move|p1a: Snorlax|Rest|p1a: Snorlax
|-fail|p1a: Snorlax
|
|upkeep
|turn|3
|
|move|p2a: Jynx|Lovely Kiss|p1a: Snorlax
|-status|p1a: Snorlax|slp|[from] move: Lovely Kiss
|cant|p1a: Snorlax|slp
|
|upkeep
|turn|4
|
|switch|p1a: Tauros|Tauros|353/353
|move|p2a: Jynx|Blizzard|p1a: Tauros
|-crit|p1a: Tauros
|-damage|p1a: Tauros|30/353
|
|upkeep
|turn|5
|
|move|p1a: Tauros|Fire Blast|p2a: Jynx
|-supereffective|p2a: Jynx
|-damage|p2a: Jynx|177/333
|move|p2a: Jynx|Psychic|p1a: Tauros
|-damage|p1a: Tauros|0 fnt
|faint|p1a: Tauros
|
|switch|p1a: Exeggutor|Exeggutor|393/393
|turn|6
|
|move|p2a: Jynx|Blizzard|p1a: Exeggutor
|-crit|p1a: Exeggutor
|-supereffective|p1a: Exeggutor
|-damage|p1a: Exeggutor|0 fnt
|faint|p1a: Exeggutor
|-message|areyousneaky forfeited.
|
|win|doodles1992
|l|☆areyousneaky
