|j|☆doodles1992
|j|☆areyousneaky
|player|p1|doodles1992|293
|player|p2|areyousneaky|2
|teamsize|p1|6
|teamsize|p2|6
|gametype|singles
|gen|1
|tier|[Gen 1] OU
|rated|
|rule|Sleep Clause Mod: Limit one foe put to sleep
|rule|Freeze Clause Mod: Limit one foe frozen
|rule|Species Clause: Limit one of each Pokémon
|rule|OHKO Clause: OHKO moves are banned
|rule|Evasion Moves Clause: Evasion moves are banned
|rule|HP Percentage Mod: HP is shown in percentages
|
|start
|switch|p1a: Jolteon|Jolteon|333/333
|switch|p2a: Snorlax|Snorlax|523/523
|turn|1
|
|move|p1a: Jolteon|Thunder Wave|p2a: Snorlax
|-status|p2a: Snorlax|par
|move|p2a: Snorlax|Reflect|p2a: Snorlax
|-start|p2a: Snorlax|Reflect
|
|upkeep
|turn|2
|
|move|p1a: Jolteon|Thunderbolt|p2a: Snorlax
|-crit|p2a: Snorlax
|-damage|p2a: Snorlax|237/523 par
|move|p2a: Snorlax|Amnesia|p2a: Snorlax
|-boost|p2a: Snorlax|spd|2
|-boost|p2a: Snorlax|spa|2
|
|upkeep
|turn|3
|
|move|p1a: Jolteon|Thunderbolt|p2a: Snorlax
|-crit|p2a: Snorlax
|-damage|p2a: Snorlax|0 fnt
|faint|p2a: Snorlax
|
|switch|p2a: Rhydon|Rhydon|413/413
|turn|4
|
|switch|p1a: Slowbro|Slowbro|393/393
|move|p2a: Rhydon|Rock Slide|p1a: Slowbro
|-damage|p1a: Slowbro|291/393
|
|upkeep
|turn|5
|
|move|p2a: Rhydon|Thunderbolt|p1a: Slowbro
|-supereffective|p1a: Slowbro
|-damage|p1a: Slowbro|186/393
|move|p1a: Slowbro|Amnesia|p1a: Slowbro
|-boost|p1a: Slowbro|spd|2
|-boost|p1a: Slowbro|spa|2
|
|upkeep
|turn|6
|
|move|p2a: Rhydon|Thunderbolt|p1a: Slowbro
|-supereffective|p1a: Slowbro
|-damage|p1a: Slowbro|128/393
|move|p1a: Slowbro|Surf|p2a: Rhydon
|-supereffective|p2a: Rhydon
|-damage|p2a: Rhydon|0 fnt
|faint|p2a: Rhydon
|
|switch|p2a: Zapdos|Zapdos|383/383
|turn|7
|
|switch|p1a: Golem|Golem|363/363
|move|p2a: Zapdos|Thunderbolt|p1a: Golem
|-immune|p1a: Golem
|
|upkeep
|turn|8
|
|switch|p2a: Lapras|Lapras|463/463
|move|p1a: Golem|Rock Slide|p2a: Lapras
|-supereffective|p2a: Lapras
|-damage|p2a: Lapras|239/463
|
|upkeep
|turn|9
|
|move|p2a: Lapras|Confuse Ray|p1a: Golem
|-start|p1a: Golem|confusion
|-activate|p1a: Golem|confusion
|-damage|p1a: Golem|332/363|[from] confusion
|
|upkeep
|turn|10
|
|switch|p2a: Chansey|Chansey|703/703
|switch|p1a: Slowbro|Slowbro|128/393
|
|upkeep
|turn|11
|
|move|p2a: Chansey|Thunderbolt|p1a: Slowbro
|-supereffective|p1a: Slowbro
|-damage|p1a: Slowbro|0 fnt
|faint|p1a: Slowbro
|
|switch|p1a: Golem|Golem|332/363
|turn|12
|
|move|p2a: Chansey|Submission|p1a: Golem
|-supereffective|p1a: Golem
|-damage|p1a: Golem|293/363
|-damage|p2a: Chansey|694/703|[from] Recoil|[of] p1a: Golem
|move|p1a: Golem|Earthquake|p2a: Chansey
|-damage|p2a: Chansey|367/703
|
|upkeep
|turn|13
|
|move|p2a: Chansey|Soft-Boiled|p2a: Chansey
|-heal|p2a: Chansey|703/703
|move|p1a: Golem|Earthquake|p2a: Chansey
|-damage|p2a: Chansey|370/703
|
|upkeep
|turn|14
|
|move|p2a: Chansey|Ice Beam|p1a: Golem
|-supereffective|p1a: Golem
|-damage|p1a: Golem|68/363
|move|p1a: Golem|Earthquake|p2a: Chansey
|-damage|p2a: Chansey|43/703
|
|upkeep
|turn|15
|
|switch|p1a: Jolteon|Jolteon|333/333
|move|p2a: Chansey|Ice Beam|p1a: Jolteon
|-damage|p1a: Jolteon|259/333
|
|upkeep
|turn|16
|
|switch|p2a: Zapdos|Zapdos|383/383
|move|p1a: Jolteon|Thunderbolt|p2a: Zapdos
|-damage|p2a: Zapdos|275/383
|
|upkeep
|turn|17
|
|switch|p1a: Golem|Golem|68/363
|move|p2a: Zapdos|Drill Peck|p1a: Golem
|-resisted|p1a: Golem
|-damage|p1a: Golem|32/363
|
|upkeep
|turn|18
|
|move|p2a: Zapdos|Drill Peck|p1a: Golem
|-crit|p1a: Golem
|-resisted|p1a: Golem
|-damage|p1a: Golem|0 fnt
|faint|p1a: Golem
|
|switch|p1a: Chansey|Chansey|703/703
|turn|19
|
|switch|p2a: Jynx|Jynx|333/333
|move|p1a: Chansey|Ice Beam|p2a: Jynx
|-resisted|p2a: Jynx
|-damage|p2a: Jynx|295/333
|
|upkeep
|turn|20
|
|move|p2a: Jynx|Lovely Kiss|p1a: Chansey
|-status|p1a: Chansey|slp|[from] move: Lovely Kiss
|cant|p1a: Chansey|slp
|
|upkeep
|turn|21
|
|move|p2a: Jynx|Ice Beam|p1a: Chansey
|-crit|p1a: Chansey
|-damage|p1a: Chansey|496/703 slp
|cant|p1a: Chansey|slp
|
|upkeep
|turn|22
|
|move|p2a: Jynx|Psychic|p1a: Chansey
|-crit|p1a: Chansey
|-damage|p1a: Chansey|310/703 slp
|-unboost|p1a: Chansey|spd|1
|-unboost|p1a: Chansey|spa|1
|cant|p1a: Chansey|slp
|
|upkeep
|turn|23
|
|move|p2a: Jynx|Psychic|p1a: Chansey
|-damage|p1a: Chansey|148/703 slp
|-unboost|p1a: Chansey|spd|1
|-unboost|p1a: Chansey|spa|1
|cant|p1a: Chansey|slp
|
|upkeep
|turn|24
|
|move|p2a: Jynx|Psychic|p1a: Chansey
|-damage|p1a: Chansey|0 fnt
|faint|p1a: Chansey
|
|switch|p1a: Zapdos|Zapdos|383/383
|turn|25
|
|move|p1a: Zapdos|Drill Peck|p2a: Jynx
|-damage|p2a: Jynx|147/333
|move|p2a: Jynx|Lovely Kiss|p1a: Zapdos
|-status|p1a: Zapdos|slp|[from] move: Lovely Kiss
|
|upkeep
|turn|26
|
|cant|p1a: Zapdos|slp
|move|p2a: Jynx|Ice Beam|p1a: Zapdos
|-supereffective|p1a: Zapdos
|-damage|p1a: Zapdos|191/383 slp
|
|upkeep
|turn|27
|
|cant|p1a: Zapdos|slp
|move|p2a: Jynx|Ice Beam|p1a: Zapdos
|-crit|p1a: Zapdos
|-supereffective|p1a: Zapdos
|-damage|p1a: Zapdos|0 fnt
|faint|p1a: Zapdos
|
|switch|p1a: Jolteon|Jolteon|259/333
|turn|28
|
|move|p1a: Jolteon|Thunderbolt|p2a: Jynx
|-damage|p2a: Jynx|14/333
|move|p2a: Jynx|Lovely Kiss|p1a: Jolteon|[miss]
|-miss|p2a: Jynx
|
|upkeep
|turn|29
|
|move|p1a: Jolteon|Thunderbolt|p2a: Jynx
|-crit|p2a: Jynx
|-damage|p2a: Jynx|0 fnt
|faint|p2a: Jynx
|
|switch|p2a: Zapdos|Zapdos|275/383
|turn|30
|
|move|p1a: Jolteon|Thunderbolt|p2a: Zapdos
|-damage|p2a: Zapdos|178/383
|move|p2a: Zapdos|Drill Peck|p1a: Jolteon
|-resisted|p1a: Jolteon
|-damage|p1a: Jolteon|199/333
|
|upkeep
|turn|31
|
|move|p1a: Jolteon|Thunderbolt|p2a: Zapdos
|-damage|p2a: Zapdos|69/383
|move|p2a: Zapdos|Reflect|p2a: Zapdos
|-start|p2a: Zapdos|Reflect
|
|upkeep
|turn|32
|
|move|p1a: Jolteon|Body Slam|p2a: Zapdos
|-damage|p2a: Zapdos|39/383
|move|p2a: Zapdos|Drill Peck|p1a: Jolteon
|-resisted|p1a: Jolteon
|-damage|p1a: Jolteon|135/333
|
|upkeep
|turn|33
|
|move|p1a: Jolteon|Thunderbolt|p2a: Zapdos
|-damage|p2a: Zapdos|0 fnt
|faint|p2a: Zapdos
|
|switch|p2a: Chansey|Chansey|43/703
|turn|34
|
|move|p1a: Jolteon|Thunderbolt|p2a: Chansey
|-damage|p2a: Chansey|0 fnt
|faint|p2a: Chansey
|
|switch|p2a: Lapras|Lapras|239/463
|turn|35
|
|move|p1a: Jolteon|Thunderbolt|p2a: Lapras
|-supereffective|p2a: Lapras
|-damage|p2a: Lapras|0 fnt
|faint|p2a: Lapras
|
|win|doodles1992
|c|☆areyousneaky|gg
|c|☆doodles1992|gg
|l|☆areyousneaky
