|j|☆Gen1Cancer1
|j|☆Leeo_7
|player|p1|Gen1Cancer1|lance-gen1
|player|p2|Leeo_7|150
|teamsize|p1|6
|teamsize|p2|6
|gametype|singles
|gen|1
|tier|[Gen 1] OU
|rated|
|rule|Sleep Clause Mod: Limit one foe put to sleep
|rule|Freeze Clause Mod: Limit one foe frozen
|rule|Species Clause: Limit one of each Pokémon
|rule|OHKO Clause: OHKO moves are banned
|rule|Evasion Moves Clause: Evasion moves are banned
|rule|HP Percentage Mod: HP is shown in percentages
|
|start
|switch|p1a: Alakazam|Alakazam|313/313
|switch|p2a: Snorlax|Snorlax|523/523
|turn|1
|inactive|Battle timer is ON: inactive players will automatically lose when time's up. (requested by Leeo_7)
|
|switch|p1a: Exeggutor|Exeggutor|393/393
|move|p2a: Snorlax|Body Slam|p1a: Exeggutor
|-crit|p1a: Exeggutor
|-damage|p1a: Exeggutor|174/393
|
|upkeep
|turn|2
|
|move|p1a: Exeggutor|Sleep Powder|p2a: Snorlax
|-status|p2a: Snorlax|slp|[from] move: Sleep Powder
|cant|p2a: Snorlax|slp
|
|upkeep
|turn|3
|
|switch|p2a: Jynx|Jynx|333/333
|move|p1a: Exeggutor|Psychic|p2a: Jynx
|-resisted|p2a: Jynx
|-damage|p2a: Jynx|271/333
|
|upkeep
|turn|4
|
|move|p2a: Jynx|Ice Beam|p1a: Exeggutor
|-crit|p1a: Exeggutor
|-supereffective|p1a: Exeggutor
|-damage|p1a: Exeggutor|0 fnt
|faint|p1a: Exeggutor
|
|switch|p1a: Alakazam|Alakazam|313/313
|turn|5
|
|move|p1a: Alakazam|Thunder Wave|p2a: Jynx
|-status|p2a: Jynx|par
|cant|p2a: Jynx|par
|
|upkeep
|turn|6
|
|switch|p1a: Golem|Golem|363/363
|move|p2a: Jynx|Lovely Kiss|p1a: Golem|[miss]
|-miss|p2a: Jynx
|
|upkeep
|turn|7
|
|move|p1a: Golem|Rock Slide|p2a: Jynx
|-supereffective|p2a: Jynx
|-damage|p2a: Jynx|0 fnt
|faint|p2a: Jynx
|
|switch|p2a: Slowbro|Slowbro|393/393
|turn|8
|
|switch|p1a: Chansey|Chansey|703/703
|move|p2a: Slowbro|Amnesia|p2a: Slowbro
|-boost|p2a: Slowbro|spd|2
|-boost|p2a: Slowbro|spa|2
|
|upkeep
|turn|9
|
|switch|p2a: Snorlax|Snorlax|523/523 slp
|move|p1a: Chansey|Thunderbolt|p2a: Snorlax
|-damage|p2a: Snorlax|423/523 slp
|
|upkeep
|turn|10
|
|switch|p1a: Alakazam|Alakazam|313/313
|-curestatus|p2a: Snorlax|slp|[msg]
|
|upkeep
|turn|11
|
|move|p1a: Alakazam|Psychic|p2a: Snorlax
|-damage|p2a: Snorlax|254/523
|move|p2a: Snorlax|Self-Destruct|p1a: Alakazam
|-damage|p1a: Alakazam|0 fnt
|faint|p1a: Alakazam
|faint|p2a: Snorlax
|
|switch|p1a: Chansey|Chansey|703/703
|switch|p2a: Tauros|Tauros|353/353
|turn|12
|
|move|p2a: Tauros|Double-Edge|p1a: Chansey
|-damage|p1a: Chansey|384/703
|-damage|p2a: Tauros|274/353|[from] Recoil|[of] p1a: Chansey
|move|p1a: Chansey|Thunder Wave|p2a: Tauros
|-status|p2a: Tauros|par
|
|upkeep
|turn|13
|
|switch|p1a: Slowbro|Slowbro|393/393
|move|p2a: Tauros|Double-Edge|p1a: Slowbro
|-damage|p1a: Slowbro|279/393
|-damage|p2a: Tauros|246/353 par|[from] Recoil|[of] p1a: Slowbro
|
|upkeep
|turn|14
|
|switch|p2a: Gengar|Gengar|323/323
|move|p1a: Slowbro|Amnesia|p1a: Slowbro
|-boost|p1a: Slowbro|spd|2
|-boost|p1a: Slowbro|spa|2
|
|upkeep
|turn|15
|
|switch|p1a: Golem|Golem|363/363
|move|p2a: Gengar|Thunderbolt|p1a: Golem
|-immune|p1a: Golem
|
|upkeep
|turn|16
|
|move|p2a: Gengar|Hypnosis|p1a: Golem
|-status|p1a: Golem|slp|[from] move: Hypnosis
|cant|p1a: Golem|slp
|
|upkeep
|turn|17
|
|switch|p2a: Alakazam|Alakazam|313/313
|cant|p1a: Golem|slp
|
|upkeep
|turn|18
|
|switch|p1a: Chansey|Chansey|384/703
|move|p2a: Alakazam|Psychic|p1a: Chansey
|-damage|p1a: Chansey|248/703
|
|upkeep
|turn|19
|
|move|p2a: Alakazam|Thunder Wave|p1a: Chansey
|-status|p1a: Chansey|par
|move|p1a: Chansey|Thunder Wave|p2a: Alakazam
|-status|p2a: Alakazam|par
|
|upkeep
|turn|20
|
|move|p2a: Alakazam|Seismic Toss|p1a: Chansey
|-damage|p1a: Chansey|148/703 par
|move|p1a: Chansey|Soft-Boiled|p1a: Chansey
|-heal|p1a: Chansey|499/703 par
|
|upkeep
|turn|21
|
|switch|p2a: Tauros|Tauros|246/353 par
|switch|p1a: Slowbro|Slowbro|279/393
|
|upkeep
|turn|22
|
|move|p1a: Slowbro|Thunder Wave|p2a: Tauros
|-fail|p2a: Tauros|par
|move|p2a: Tauros|Body Slam|p1a: Slowbro
|-damage|p1a: Slowbro|190/393
|
|upkeep
|turn|23
|
|move|p1a: Slowbro|Surf|p2a: Tauros
|-damage|p2a: Tauros|119/353 par
|cant|p2a: Tauros|par
|
|upkeep
|turn|24
|
|move|p1a: Slowbro|Surf|p2a: Tauros
|-damage|p2a: Tauros|1/353 par
|cant|p2a: Tauros|par
|
|upkeep
|turn|25
|
|move|p1a: Slowbro|Surf|p2a: Tauros
|-damage|p2a: Tauros|0 fnt
|faint|p2a: Tauros
|
|switch|p2a: Gengar|Gengar|323/323
|turn|26
|
|move|p2a: Gengar|Psychic|p1a: Slowbro
|-crit|p1a: Slowbro
|-resisted|p1a: Slowbro
|-damage|p1a: Slowbro|102/393
|move|p1a: Slowbro|Thunder Wave|p2a: Gengar
|-status|p2a: Gengar|par
|
|upkeep
|turn|27
|
|move|p1a: Slowbro|Amnesia|p1a: Slowbro
|-boost|p1a: Slowbro|spd|2
|-boost|p1a: Slowbro|spa|2
|cant|p2a: Gengar|par
|
|upkeep
|turn|28
|
|move|p1a: Slowbro|Surf|p2a: Gengar
|-damage|p2a: Gengar|160/323 par
|move|p2a: Gengar|Thunderbolt|p1a: Slowbro
|-crit|p1a: Slowbro
|-supereffective|p1a: Slowbro
|-damage|p1a: Slowbro|0 fnt
|faint|p1a: Slowbro
|
|switch|p1a: Tauros|Tauros|353/353
|turn|29
|
|move|p1a: Tauros|Earthquake|p2a: Gengar
|-supereffective|p2a: Gengar
|-damage|p2a: Gengar|0 fnt
|faint|p2a: Gengar
|
|switch|p2a: Slowbro|Slowbro|393/393
|turn|30
|
|switch|p1a: Chansey|Chansey|499/703 par
|move|p2a: Slowbro|Thunder Wave|p1a: Chansey
|-fail|p1a: Chansey|par
|
|upkeep
|turn|31
|
|move|p2a: Slowbro|Amnesia|p2a: Slowbro
|-boost|p2a: Slowbro|spd|2
|-boost|p2a: Slowbro|spa|2
|move|p1a: Chansey|Ice Beam|p2a: Slowbro
|-resisted|p2a: Slowbro
|-damage|p2a: Slowbro|371/393
|
|upkeep
|turn|32
|
|move|p2a: Slowbro|Amnesia|p2a: Slowbro
|-boost|p2a: Slowbro|spd|2
|-boost|p2a: Slowbro|spa|2
|move|p1a: Chansey|Thunder Wave|p2a: Slowbro
|-status|p2a: Slowbro|par
|
|upkeep
|turn|33
|
|move|p2a: Slowbro|Amnesia|p2a: Slowbro
|-boost|p2a: Slowbro|spd|2
|-boost|p2a: Slowbro|spa|2
|move|p1a: Chansey|Thunderbolt|p2a: Slowbro
|-supereffective|p2a: Slowbro
|-damage|p2a: Slowbro|325/393 par
|
|upkeep
|turn|34
|
|move|p2a: Slowbro|Surf|p1a: Chansey
|-damage|p1a: Chansey|163/703 par
|move|p1a: Chansey|Thunderbolt|p2a: Slowbro
|-supereffective|p2a: Slowbro
|-damage|p2a: Slowbro|280/393 par
|
|upkeep
|turn|35
|
|move|p2a: Slowbro|Surf|p1a: Chansey
|-damage|p1a: Chansey|0 fnt
|faint|p1a: Chansey
|
|switch|p1a: Tauros|Tauros|353/353
|turn|36
|
|move|p1a: Tauros|Body Slam|p2a: Slowbro
|-damage|p2a: Slowbro|182/393 par
|move|p2a: Slowbro|Surf|p1a: Tauros
|-damage|p1a: Tauros|0 fnt
|faint|p1a: Tauros
|
|switch|p1a: Golem|Golem|363/363 slp
|turn|37
|
|cant|p1a: Golem|slp
|cant|p2a: Slowbro|par
|
|upkeep
|turn|38
|
|cant|p1a: Golem|slp
|cant|p2a: Slowbro|par
|
|upkeep
|turn|39
|
|-curestatus|p1a: Golem|slp|[msg]
|cant|p2a: Slowbro|par
|
|upkeep
|turn|40
|
|move|p1a: Golem|Earthquake|p2a: Slowbro
|-damage|p2a: Slowbro|65/393 par
|cant|p2a: Slowbro|par
|
|upkeep
|turn|41
|
|move|p1a: Golem|Earthquake|p2a: Slowbro
|-damage|p2a: Slowbro|0 fnt
|faint|p2a: Slowbro
|c|☆Leeo_7|AHAHAHAHAHAGA
|c|☆Leeo_7|4 turns par
|c|☆Leeo_7|You are the best
|
|switch|p2a: Alakazam|Alakazam|313/313 par
|turn|42
|inactive|Leeo_7 has 120 seconds left.
|c|☆Leeo_7|Never seen stuff like that, your luck is amazing
|
|move|p1a: Golem|Earthquake|p2a: Alakazam
|-damage|p2a: Alakazam|101/313 par
|move|p2a: Alakazam|Psychic|p1a: Golem
|-damage|p1a: Golem|162/363
|-unboost|p1a: Golem|spd|1
|-unboost|p1a: Golem|spa|1
|
|upkeep
|turn|43
|
|move|p1a: Golem|Earthquake|p2a: Alakazam
|-damage|p2a: Alakazam|0 fnt
|faint|p2a: Alakazam
|
|win|Gen1Cancer1
|c|☆Leeo_7|You really deserve it
|c|☆Gen1Cancer1|Na you won
||Ladder (probably) updated, but score could not be retrieved (Response not received).
|c|☆Leeo_7|I know it
|c|☆Gen1Cancer1|I give thd win to you
|l|☆Leeo_7
