|j|☆areyousneaky
|j|☆7 Tools
|player|p1|areyousneaky|265
|player|p2|7 Tools|richboy-gen3
|teamsize|p1|6
|teamsize|p2|6
|gametype|singles
|gen|1
|tier|[Gen 1] OU
|rated|
|rule|Sleep Clause Mod: Limit one foe put to sleep
|rule|Freeze Clause Mod: Limit one foe frozen
|rule|Species Clause: Limit one of each Pokémon
|rule|OHKO Clause: OHKO moves are banned
|rule|Evasion Moves Clause: Evasion moves are banned
|rule|HP Percentage Mod: HP is shown in percentages
|
|start
|switch|p1a: Snorlax|Snorlax|523/523
|switch|p2a: Trapcard11|Jynx|333/333
|turn|1
|
|switch|p1a: Lapras|Lapras|463/463
|move|p2a: Trapcard11|Lovely Kiss|p1a: Lapras|[miss]
|-miss|p2a: Trapcard11
|
|upkeep
|turn|2
|
|move|p2a: Trapcard11|Lovely Kiss|p1a: Lapras
|-status|p1a: Lapras|slp|[from] move: Lovely Kiss
|cant|p1a: Lapras|slp
|
|upkeep
|turn|3
|
|move|p2a: Trapcard11|Psychic|p1a: Lapras
|-crit|p1a: Lapras
|-damage|p1a: Lapras|249/463 slp
|-unboost|p1a: Lapras|spd|1
|-unboost|p1a: Lapras|spa|1
|cant|p1a: Lapras|slp
|
|upkeep
|turn|4
|
|move|p2a: Trapcard11|Psychic|p1a: Lapras
|-damage|p1a: Lapras|81/463 slp
|cant|p1a: Lapras|slp
|
|upkeep
|turn|5
|
|switch|p1a: Jynx|Jynx|333/333
|move|p2a: Trapcard11|Psychic|p1a: Jynx
|-crit|p1a: Jynx
|-resisted|p1a: Jynx
|-damage|p1a: Jynx|233/333
|
|upkeep
|turn|6
|
|move|p2a: Trapcard11|Psychic|p1a: Jynx
|-resisted|p1a: Jynx
|-damage|p1a: Jynx|177/333
|move|p1a: Jynx|Lovely Kiss|p2a: Trapcard11
|-status|p2a: Trapcard11|slp|[from] move: Lovely Kiss
|
|upkeep
|turn|7
|
|switch|p2a: 3Dπ3|Chansey|703/703
|move|p1a: Jynx|Psychic|p2a: 3Dπ3
|-crit|p2a: 3Dπ3
|-damage|p2a: 3Dπ3|501/703
|-unboost|p2a: 3Dπ3|spd|1
|-unboost|p2a: 3Dπ3|spa|1
|
|upkeep
|turn|8
|
|move|p2a: 3Dπ3|Thunder Wave|p1a: Jynx
|-status|p1a: Jynx|par
|move|p1a: Jynx|Counter|p2a: 3Dπ3
|-fail|p1a: Jynx
|
|upkeep
|turn|9
|
|move|p2a: 3Dπ3|Soft-Boiled|p2a: 3Dπ3
|-heal|p2a: 3Dπ3|703/703
|move|p1a: Jynx|Psychic|p2a: 3Dπ3
|-damage|p2a: 3Dπ3|552/703
|
|upkeep
|turn|10
|
|switch|p2a: bigbones2|Snorlax|523/523
|cant|p1a: Jynx|par
|
|upkeep
|turn|11
|
|move|p2a: bigbones2|Reflect|p2a: bigbones2
|-start|p2a: bigbones2|Reflect
|move|p1a: Jynx|Ice Beam|p2a: bigbones2
|-damage|p2a: bigbones2|393/523
|
|upkeep
|turn|12
|
|move|p2a: bigbones2|Ice Beam|p1a: Jynx
|-resisted|p1a: Jynx
|-damage|p1a: Jynx|147/333 par
|cant|p1a: Jynx|par
|
|upkeep
|turn|13
|
|move|p2a: bigbones2|Body Slam|p1a: Jynx
|-damage|p1a: Jynx|0 fnt
|faint|p1a: Jynx
|
|switch|p1a: Chansey|Chansey|703/703
|turn|14
|
|move|p1a: Chansey|Ice Beam|p2a: bigbones2
|-damage|p2a: bigbones2|286/523
|move|p2a: bigbones2|Ice Beam|p1a: Chansey
|-damage|p1a: Chansey|650/703
|
|upkeep
|turn|15
|
|move|p1a: Chansey|Ice Beam|p2a: bigbones2
|-damage|p2a: bigbones2|186/523
|move|p2a: bigbones2|Body Slam|p1a: Chansey
|-damage|p1a: Chansey|376/703
|
|upkeep
|turn|16
|
|move|p1a: Chansey|Ice Beam|p2a: bigbones2
|-crit|p2a: bigbones2
|-damage|p2a: bigbones2|2/523
|-status|p2a: bigbones2|frz
|cant|p2a: bigbones2|frz
|
|upkeep
|turn|17
|
|switch|p2a: Trapcard11|Jynx|333/333 slp
|move|p1a: Chansey|Thunderbolt|p2a: Trapcard11
|-damage|p2a: Trapcard11|254/333 slp
|
|upkeep
|turn|18
|
|cant|p2a: Trapcard11|slp
|move|p1a: Chansey|Soft-Boiled|p1a: Chansey
|-heal|p1a: Chansey|703/703
|
|upkeep
|turn|19
|
|cant|p2a: Trapcard11|slp
|move|p1a: Chansey|Thunderbolt|p2a: Trapcard11
|-crit|p2a: Trapcard11
|-damage|p2a: Trapcard11|86/333 slp
|
|upkeep
|turn|20
|
|switch|p2a: 3Dπ3|Chansey|552/703
|move|p1a: Chansey|Thunderbolt|p2a: 3Dπ3
|-damage|p2a: 3Dπ3|479/703
|
|upkeep
|turn|21
|
|move|p2a: 3Dπ3|Soft-Boiled|p2a: 3Dπ3
|-heal|p2a: 3Dπ3|703/703
|move|p1a: Chansey|Thunderbolt|p2a: 3Dπ3
|-damage|p2a: 3Dπ3|630/703
|
|upkeep
|turn|22
|
|move|p2a: 3Dπ3|Ice Beam|p1a: Chansey
|-damage|p1a: Chansey|632/703
|move|p1a: Chansey|Thunderbolt|p2a: 3Dπ3
|-damage|p2a: 3Dπ3|556/703
|
|upkeep
|turn|23
|
|move|p1a: Chansey|Thunderbolt|p2a: 3Dπ3
|-damage|p2a: 3Dπ3|475/703
|-status|p2a: 3Dπ3|par
|move|p2a: 3Dπ3|Ice Beam|p1a: Chansey
|-damage|p1a: Chansey|563/703
|-status|p1a: Chansey|frz
|
|upkeep
|turn|24
|
|cant|p1a: Chansey|frz
|move|p2a: 3Dπ3|Reflect|p2a: 3Dπ3
|-start|p2a: 3Dπ3|Reflect
|
|upkeep
|turn|25
|inactive|Battle timer is ON: inactive players will automatically lose when time's up. (requested by 7 Tools)
|
|switch|p1a: Lapras|Lapras|81/463 slp
|cant|p2a: 3Dπ3|par
|
|upkeep
|turn|26
|
|cant|p1a: Lapras|slp
|move|p2a: 3Dπ3|Ice Beam|p1a: Lapras
|-resisted|p1a: Lapras
|-damage|p1a: Lapras|62/463 slp
|
|upkeep
|turn|27
|
|cant|p1a: Lapras|slp
|cant|p2a: 3Dπ3|par
|
|upkeep
|turn|28
|
|-curestatus|p1a: Lapras|slp|[msg]
|move|p2a: 3Dπ3|Ice Beam|p1a: Lapras
|-resisted|p1a: Lapras
|-damage|p1a: Lapras|43/463
|
|upkeep
|turn|29
|
|move|p1a: Lapras|Confuse Ray|p2a: 3Dπ3
|-start|p2a: 3Dπ3|confusion
|-activate|p2a: 3Dπ3|confusion
|cant|p2a: 3Dπ3|par
|
|upkeep
|turn|30
|
|move|p1a: Lapras|Ice Beam|p2a: 3Dπ3
|-damage|p2a: 3Dπ3|361/703 par
|-end|p2a: 3Dπ3|confusion
|move|p2a: 3Dπ3|Soft-Boiled|p2a: 3Dπ3
|-heal|p2a: 3Dπ3|703/703 par
|
|upkeep
|turn|31
|
|move|p1a: Lapras|Confuse Ray|p2a: 3Dπ3
|-start|p2a: 3Dπ3|confusion
|-activate|p2a: 3Dπ3|confusion
|cant|p2a: 3Dπ3|par
|
|upkeep
|turn|32
|
|move|p1a: Lapras|Ice Beam|p2a: 3Dπ3
|-damage|p2a: 3Dπ3|598/703 par
|-activate|p2a: 3Dπ3|confusion
|-damage|p2a: 3Dπ3|563/703 par|[from] confusion
|
|upkeep
|turn|33
|
|move|p1a: Lapras|Thunderbolt|p2a: 3Dπ3
|-damage|p2a: 3Dπ3|494/703 par
|-activate|p2a: 3Dπ3|confusion
|-damage|p2a: 3Dπ3|459/703 par|[from] confusion
|
|upkeep
|turn|34
|
|move|p1a: Lapras|Thunderbolt|p2a: 3Dπ3
|-damage|p2a: 3Dπ3|384/703 par
|-activate|p2a: 3Dπ3|confusion
|move|p2a: 3Dπ3|Soft-Boiled|p2a: 3Dπ3
|-heal|p2a: 3Dπ3|703/703 par
|
|upkeep
|turn|35
|
|move|p1a: Lapras|Thunderbolt|p2a: 3Dπ3
|-damage|p2a: 3Dπ3|639/703 par
|-end|p2a: 3Dπ3|confusion
|move|p2a: 3Dπ3|Ice Beam|p1a: Lapras
|-resisted|p1a: Lapras
|-damage|p1a: Lapras|23/463
|
|upkeep
|turn|36
|
|move|p1a: Lapras|Confuse Ray|p2a: 3Dπ3
|-start|p2a: 3Dπ3|confusion
|-activate|p2a: 3Dπ3|confusion
|move|p2a: 3Dπ3|Ice Beam|p1a: Lapras
|-resisted|p1a: Lapras
|-damage|p1a: Lapras|2/463
|
|upkeep
|turn|37
|
|switch|p1a: Snorlax|Snorlax|523/523
|-activate|p2a: 3Dπ3|confusion
|-damage|p2a: 3Dπ3|604/703 par|[from] confusion
|
|upkeep
|turn|38
|
|move|p1a: Snorlax|Reflect|p1a: Snorlax
|-start|p1a: Snorlax|Reflect
|-activate|p2a: 3Dπ3|confusion
|-damage|p2a: 3Dπ3|569/703 par|[from] confusion
|
|upkeep
|turn|39
|
|move|p1a: Snorlax|Amnesia|p1a: Snorlax
|-boost|p1a: Snorlax|spd|2
|-boost|p1a: Snorlax|spa|2
|-activate|p2a: 3Dπ3|confusion
|-damage|p2a: 3Dπ3|534/703 par|[from] confusion
|
|upkeep
|turn|40
|
|move|p1a: Snorlax|Amnesia|p1a: Snorlax
|-boost|p1a: Snorlax|spd|2
|-boost|p1a: Snorlax|spa|2
|-end|p2a: 3Dπ3|confusion
|move|p2a: 3Dπ3|Thunder Wave|p1a: Snorlax
|-status|p1a: Snorlax|par
|
|upkeep
|turn|41
|
|move|p1a: Snorlax|Amnesia|p1a: Snorlax
|-boost|p1a: Snorlax|spd|2
|-boost|p1a: Snorlax|spa|2
|move|p2a: 3Dπ3|Soft-Boiled|p2a: 3Dπ3
|-heal|p2a: 3Dπ3|703/703 par
|
|upkeep
|turn|42
|
|cant|p1a: Snorlax|par
|move|p2a: 3Dπ3|Ice Beam|p1a: Snorlax
|-damage|p1a: Snorlax|499/523 par
|
|upkeep
|turn|43
|
|move|p1a: Snorlax|Ice Beam|p2a: 3Dπ3
|-damage|p2a: 3Dπ3|497/703 par
|move|p2a: 3Dπ3|Soft-Boiled|p2a: 3Dπ3
|-heal|p2a: 3Dπ3|703/703 par
|
|upkeep
|turn|44
|
|move|p1a: Snorlax|Ice Beam|p2a: 3Dπ3
|-damage|p2a: 3Dπ3|494/703 par
|move|p2a: 3Dπ3|Reflect|p2a: 3Dπ3
|-fail|p2a: 3Dπ3
|
|upkeep
|turn|45
|
|move|p1a: Snorlax|Ice Beam|p2a: 3Dπ3
|-damage|p2a: 3Dπ3|278/703 par
|move|p2a: 3Dπ3|Soft-Boiled|p2a: 3Dπ3
|-heal|p2a: 3Dπ3|629/703 par
|
|upkeep
|turn|46
|
|move|p1a: Snorlax|Ice Beam|p2a: 3Dπ3
|-damage|p2a: 3Dπ3|415/703 par
|move|p2a: 3Dπ3|Reflect|p2a: 3Dπ3
|-fail|p2a: 3Dπ3
|
|upkeep
|turn|47
|
|move|p1a: Snorlax|Ice Beam|p2a: 3Dπ3
|-damage|p2a: 3Dπ3|208/703 par
|move|p2a: 3Dπ3|Soft-Boiled|p2a: 3Dπ3
|-heal|p2a: 3Dπ3|559/703 par
|
|upkeep
|turn|48
|
|move|p1a: Snorlax|Ice Beam|p2a: 3Dπ3
|-damage|p2a: 3Dπ3|350/703 par
|move|p2a: 3Dπ3|Soft-Boiled|p2a: 3Dπ3
|-heal|p2a: 3Dπ3|701/703 par
|
|upkeep
|turn|49
|
|move|p1a: Snorlax|Ice Beam|p2a: 3Dπ3
|-damage|p2a: 3Dπ3|473/703 par
|move|p2a: 3Dπ3|Reflect|p2a: 3Dπ3
|-fail|p2a: 3Dπ3
|
|upkeep
|turn|50
|
|cant|p1a: Snorlax|par
|move|p2a: 3Dπ3|Soft-Boiled|p2a: 3Dπ3
|-heal|p2a: 3Dπ3|703/703 par
|
|upkeep
|turn|51
|
|cant|p1a: Snorlax|par
|cant|p2a: 3Dπ3|par
|
|upkeep
|turn|52
|
|move|p1a: Snorlax|Rest|p1a: Snorlax
|-status|p1a: Snorlax|slp|[from] move: Rest
|-heal|p1a: Snorlax|523/523 slp|[silent]
|move|p2a: 3Dπ3|Reflect|p2a: 3Dπ3
|-fail|p2a: 3Dπ3
|
|upkeep
|turn|53
|
|cant|p1a: Snorlax|slp
|move|p2a: 3Dπ3|Reflect|p2a: 3Dπ3
|-fail|p2a: 3Dπ3
|
|upkeep
|turn|54
|
|-curestatus|p1a: Snorlax|slp|[msg]
|move|p2a: 3Dπ3|Reflect|p2a: 3Dπ3
|-fail|p2a: 3Dπ3
|
|upkeep
|turn|55
|
|move|p1a: Snorlax|Reflect|p1a: Snorlax
|-fail|p1a: Snorlax
|move|p2a: 3Dπ3|Thunder Wave|p1a: Snorlax
|-status|p1a: Snorlax|par
|
|upkeep
|turn|56
|
|move|p1a: Snorlax|Reflect|p1a: Snorlax
|-fail|p1a: Snorlax
|move|p2a: 3Dπ3|Reflect|p2a: 3Dπ3
|-fail|p2a: 3Dπ3
|
|upkeep
|turn|57
|
|move|p1a: Snorlax|Reflect|p1a: Snorlax
|-fail|p1a: Snorlax
|move|p2a: 3Dπ3|Reflect|p2a: 3Dπ3
|-fail|p2a: 3Dπ3
|
|upkeep
|turn|58
|
|switch|p2a: Südstern5|Starmie|323/323
|move|p1a: Snorlax|Reflect|p1a: Snorlax
|-fail|p1a: Snorlax
|
|upkeep
|turn|59
|
|move|p2a: Südstern5|Thunderbolt|p1a: Snorlax
|-damage|p1a: Snorlax|498/523 par
|move|p1a: Snorlax|Ice Beam|p2a: Südstern5
|-resisted|p2a: Südstern5
|-damage|p2a: Südstern5|215/323
|
|upkeep
|turn|60
|
|move|p2a: Südstern5|Thunderbolt|p1a: Snorlax
|-damage|p1a: Snorlax|475/523 par
|move|p1a: Snorlax|Ice Beam|p2a: Südstern5
|-resisted|p2a: Südstern5
|-damage|p2a: Südstern5|103/323
|
|upkeep
|turn|61
|
|move|p2a: Südstern5|Recover|p2a: Südstern5
|-heal|p2a: Südstern5|264/323
|move|p1a: Snorlax|Ice Beam|p2a: Südstern5
|-resisted|p2a: Südstern5
|-damage|p2a: Südstern5|149/323
|
|upkeep
|turn|62
|
|move|p2a: Südstern5|Recover|p2a: Südstern5
|-heal|p2a: Südstern5|310/323
|cant|p1a: Snorlax|par
|
|upkeep
|turn|63
|
|move|p2a: Südstern5|Thunderbolt|p1a: Snorlax
|-damage|p1a: Snorlax|451/523 par
|move|p1a: Snorlax|Reflect|p1a: Snorlax
|-fail|p1a: Snorlax
|
|upkeep
|turn|64
|
|move|p2a: Südstern5|Thunderbolt|p1a: Snorlax
|-damage|p1a: Snorlax|428/523 par
|move|p1a: Snorlax|Ice Beam|p2a: Südstern5
|-resisted|p2a: Südstern5
|-damage|p2a: Südstern5|192/323
|-message|Freeze Clause activated.
|
|upkeep
|turn|65
|
|move|p2a: Südstern5|Thunderbolt|p1a: Snorlax
|-crit|p1a: Snorlax
|-damage|p1a: Snorlax|246/523 par
|cant|p1a: Snorlax|par
|
|upkeep
|turn|66
|
|move|p2a: Südstern5|Recover|p2a: Südstern5
|-heal|p2a: Südstern5|323/323
|cant|p1a: Snorlax|par
|
|upkeep
|turn|67
|
|move|p2a: Südstern5|Thunderbolt|p1a: Snorlax
|-damage|p1a: Snorlax|220/523 par
|cant|p1a: Snorlax|par
|
|upkeep
|turn|68
|
|move|p2a: Südstern5|Thunderbolt|p1a: Snorlax
|-damage|p1a: Snorlax|195/523 par
|move|p1a: Snorlax|Rest|p1a: Snorlax
|-status|p1a: Snorlax|slp|[from] move: Rest
|-heal|p1a: Snorlax|523/523 slp|[silent]
|
|upkeep
|turn|69
|
|switch|p2a: bigbones2|Snorlax|2/523 frz
|cant|p1a: Snorlax|slp
|
|upkeep
|turn|70
|
|switch|p2a: Südstern5|Starmie|323/323
|-curestatus|p1a: Snorlax|slp|[msg]
|
|upkeep
|turn|71
|
|move|p2a: Südstern5|Thunder Wave|p1a: Snorlax
|-status|p1a: Snorlax|par
|move|p1a: Snorlax|Reflect|p1a: Snorlax
|-fail|p1a: Snorlax
|
|upkeep
|turn|72
|
|move|p2a: Südstern5|Thunderbolt|p1a: Snorlax
|-damage|p1a: Snorlax|499/523 par
|move|p1a: Snorlax|Reflect|p1a: Snorlax
|-fail|p1a: Snorlax
|
|upkeep
|turn|73
|
|move|p2a: Südstern5|Thunderbolt|p1a: Snorlax
|-damage|p1a: Snorlax|476/523 par
|move|p1a: Snorlax|Reflect|p1a: Snorlax
|-fail|p1a: Snorlax
|
|upkeep
|turn|74
|
|switch|p2a: 3Dπ3|Chansey|703/703 par
|move|p1a: Snorlax|Reflect|p1a: Snorlax
|-fail|p1a: Snorlax
|
|upkeep
|turn|75
|
|switch|p2a: Südstern5|Starmie|323/323
|move|p1a: Snorlax|Ice Beam|p2a: Südstern5
|-resisted|p2a: Südstern5
|-damage|p2a: Südstern5|206/323
|-message|Freeze Clause activated.
|
|upkeep
|turn|76
|
|move|p2a: Südstern5|Thunderbolt|p1a: Snorlax
|-damage|p1a: Snorlax|452/523 par
|move|p1a: Snorlax|Reflect|p1a: Snorlax
|-fail|p1a: Snorlax
|
|upkeep
|turn|77
|
|move|p2a: Südstern5|Recover|p2a: Südstern5
|-heal|p2a: Südstern5|323/323
|move|p1a: Snorlax|Reflect|p1a: Snorlax
|-fail|p1a: Snorlax
|
|upkeep
|turn|78
|
|switch|p2a: 3Dπ3|Chansey|703/703 par
|move|p1a: Snorlax|Reflect|p1a: Snorlax
|-fail|p1a: Snorlax
|
|upkeep
|turn|79
|
|switch|p2a: Südstern5|Starmie|323/323
|move|p1a: Snorlax|Reflect|p1a: Snorlax
|-fail|p1a: Snorlax
|
|upkeep
|turn|80
|
|switch|p2a: 3Dπ3|Chansey|703/703 par
|cant|p1a: Snorlax|par
|
|upkeep
|turn|81
|
|switch|p2a: Südstern5|Starmie|323/323
|cant|p1a: Snorlax|par
|
|upkeep
|turn|82
|
|switch|p2a: 3Dπ3|Chansey|703/703 par
|move|p1a: Snorlax|Reflect|p1a: Snorlax
|-fail|p1a: Snorlax
|
|upkeep
|turn|83
|inactive|areyousneaky has 120 seconds left.
|inactive|areyousneaky has 90 seconds left.
|inactive|areyousneaky has 60 seconds left.
|
|switch|p2a: Südstern5|Starmie|323/323
|move|p1a: Snorlax|Reflect|p1a: Snorlax
|-fail|p1a: Snorlax
|
|upkeep
|turn|84
|
|switch|p2a: 3Dπ3|Chansey|703/703 par
|move|p1a: Snorlax|Reflect|p1a: Snorlax
|-fail|p1a: Snorlax
|
|upkeep
|turn|85
|
|switch|p2a: Südstern5|Starmie|323/323
|move|p1a: Snorlax|Reflect|p1a: Snorlax
|-fail|p1a: Snorlax
|
|upkeep
|turn|86
|
|switch|p2a: 3Dπ3|Chansey|703/703 par
|move|p1a: Snorlax|Reflect|p1a: Snorlax
|-fail|p1a: Snorlax
|
|upkeep
|turn|87
|
|switch|p2a: Südstern5|Starmie|323/323
|cant|p1a: Snorlax|par
|
|upkeep
|turn|88
|
|switch|p2a: 3Dπ3|Chansey|703/703 par
|move|p1a: Snorlax|Reflect|p1a: Snorlax
|-fail|p1a: Snorlax
|
|upkeep
|turn|89
|
|switch|p2a: Südstern5|Starmie|323/323
|move|p1a: Snorlax|Reflect|p1a: Snorlax
|-fail|p1a: Snorlax
|
|upkeep
|turn|90
|
|switch|p2a: 3Dπ3|Chansey|703/703 par
|move|p1a: Snorlax|Reflect|p1a: Snorlax
|-fail|p1a: Snorlax
|
|upkeep
|turn|91
|
|switch|p2a: Südstern5|Starmie|323/323
|move|p1a: Snorlax|Reflect|p1a: Snorlax
|-fail|p1a: Snorlax
|
|upkeep
|turn|92
|
|switch|p2a: 3Dπ3|Chansey|703/703 par
|move|p1a: Snorlax|Reflect|p1a: Snorlax
|-fail|p1a: Snorlax
|
|upkeep
|turn|93
|
|switch|p2a: Südstern5|Starmie|323/323
|move|p1a: Snorlax|Reflect|p1a: Snorlax
|-fail|p1a: Snorlax
|
|upkeep
|turn|94
|
|switch|p2a: 3Dπ3|Chansey|703/703 par
|move|p1a: Snorlax|Reflect|p1a: Snorlax
|-fail|p1a: Snorlax
|
|upkeep
|turn|95
|
|switch|p2a: Südstern5|Starmie|323/323
|move|p1a: Snorlax|Reflect|p1a: Snorlax
|-fail|p1a: Snorlax
|
|upkeep
|turn|96
|
|switch|p2a: bigbones2|Snorlax|2/523 frz
|move|p1a: Snorlax|Reflect|p1a: Snorlax
|-fail|p1a: Snorlax
|
|upkeep
|turn|97
|
|switch|p2a: Südstern5|Starmie|323/323
|move|p1a: Snorlax|Ice Beam|p2a: Südstern5
|-resisted|p2a: Südstern5
|-damage|p2a: Südstern5|218/323
|
|upkeep
|turn|98
|
|move|p2a: Südstern5|Recover|p2a: Südstern5
|-heal|p2a: Südstern5|323/323
|move|p1a: Snorlax|Reflect|p1a: Snorlax
|-fail|p1a: Snorlax
|
|upkeep
|turn|99
|
|switch|p2a: 3Dπ3|Chansey|703/703 par
|cant|p1a: Snorlax|par
|
|upkeep
|turn|100
|inactive|areyousneaky has 120 seconds left.
|
|switch|p2a: Südstern5|Starmie|323/323
|move|p1a: Snorlax|Rest|p1a: Snorlax
|-status|p1a: Snorlax|slp|[from] move: Rest
|-heal|p1a: Snorlax|523/523 slp|[silent]
|
|upkeep
|turn|101
|inactive|7 Tools has 120 seconds left.
|
|switch|p2a: Streetguard1|Tauros|353/353
|cant|p1a: Snorlax|slp
|
|upkeep
|turn|102
|
|switch|p1a: Lapras|Lapras|2/463
|move|p2a: Streetguard1|Body Slam|p1a: Lapras
|-damage|p1a: Lapras|0 fnt
|faint|p1a: Lapras
|
|switch|p1a: Chansey|Chansey|563/703 frz
|turn|103
|inactive|7 Tools has 120 seconds left.
|
|move|p2a: Streetguard1|Body Slam|p1a: Chansey
|-crit|p1a: Chansey
|-damage|p1a: Chansey|39/703 frz
|cant|p1a: Chansey|frz
|
|upkeep
|turn|104
|
|switch|p1a: Zapdos|Zapdos|383/383
|move|p2a: Streetguard1|Body Slam|p1a: Zapdos
|-damage|p1a: Zapdos|265/383
|
|upkeep
|turn|105
|
|switch|p2a: Hashira16|Golem|363/363
|move|p1a: Zapdos|Reflect|p1a: Zapdos
|-start|p1a: Zapdos|Reflect
|
|upkeep
|turn|106
|
|switch|p1a: Rhydon|Rhydon|413/413
|move|p2a: Hashira16|Rock Slide|p1a: Rhydon
|-resisted|p1a: Rhydon
|-damage|p1a: Rhydon|369/413
|
|upkeep
|turn|107
|inactive|7 Tools has 120 seconds left.
|
|switch|p2a: Südstern5|Starmie|323/323
|move|p1a: Rhydon|Surf|p2a: Südstern5
|-resisted|p2a: Südstern5
|-damage|p2a: Südstern5|300/323
|
|upkeep
|turn|108
|
|move|p2a: Südstern5|Blizzard|p1a: Rhydon
|-supereffective|p1a: Rhydon
|-damage|p1a: Rhydon|86/413
|move|p1a: Rhydon|Thunderbolt|p2a: Südstern5
|-supereffective|p2a: Südstern5
|-damage|p2a: Südstern5|199/323
|
|upkeep
|turn|109
|
|switch|p1a: Snorlax|Snorlax|523/523 slp
|move|p2a: Südstern5|Blizzard|p1a: Snorlax
|-damage|p1a: Snorlax|397/523 slp
|
|upkeep
|turn|110
|inactive|7 Tools has 120 seconds left.
|
|move|p2a: Südstern5|Thunderbolt|p1a: Snorlax
|-damage|p1a: Snorlax|298/523 slp
|-curestatus|p1a: Snorlax|slp|[msg]
|
|upkeep
|turn|111
|
|move|p2a: Südstern5|Thunderbolt|p1a: Snorlax
|-crit|p1a: Snorlax
|-damage|p1a: Snorlax|124/523
|move|p1a: Snorlax|Reflect|p1a: Snorlax
|-start|p1a: Snorlax|Reflect
|
|upkeep
|turn|112
|
|move|p2a: Südstern5|Blizzard|p1a: Snorlax
|-crit|p1a: Snorlax
|-damage|p1a: Snorlax|0 fnt
|faint|p1a: Snorlax
|
|switch|p1a: Zapdos|Zapdos|265/383
|turn|113
|
|switch|p2a: Hashira16|Golem|363/363
|move|p1a: Zapdos|Thunderbolt|p2a: Hashira16
|-immune|p2a: Hashira16
|
|upkeep
|turn|114
|
|switch|p1a: Rhydon|Rhydon|86/413
|move|p2a: Hashira16|Rock Slide|p1a: Rhydon
|-resisted|p1a: Rhydon
|-damage|p1a: Rhydon|47/413
|
|upkeep
|turn|115
|
|move|p2a: Hashira16|Earthquake|p1a: Rhydon
|-supereffective|p1a: Rhydon
|-damage|p1a: Rhydon|0 fnt
|faint|p1a: Rhydon
|
|switch|p1a: Chansey|Chansey|39/703 frz
|turn|116
|
|cant|p1a: Chansey|frz
|move|p2a: Hashira16|Earthquake|p1a: Chansey
|-crit|p1a: Chansey
|-damage|p1a: Chansey|0 fnt
|faint|p1a: Chansey
|inactive|areyousneaky has 90 seconds left.
|inactive|areyousneaky has 60 seconds left.
|inactive|areyousneaky has 30 seconds left.
|inactive|areyousneaky has 20 seconds left.
|inactive|areyousneaky has 15 seconds left.
|inactive|areyousneaky has 10 seconds left.
|inactive|areyousneaky has 5 seconds left.
|
|switch|p1a: Zapdos|Zapdos|265/383
|turn|117
|inactive|areyousneaky has 10 seconds left this turn.
|
|move|p1a: Zapdos|Flash|p2a: Hashira16
|-unboost|p2a: Hashira16|accuracy|1
|move|p2a: Hashira16|Rock Slide|p1a: Zapdos|[miss]
|-miss|p2a: Hashira16
|
|upkeep
|turn|118
|inactive|areyousneaky has 15 seconds left this turn.
|
|move|p1a: Zapdos|Flash|p2a: Hashira16
|-unboost|p2a: Hashira16|accuracy|1
|move|p2a: Hashira16|Rock Slide|p1a: Zapdos
|-supereffective|p1a: Zapdos
|-damage|p1a: Zapdos|47/383
|
|upkeep
|turn|119
|inactive|areyousneaky has 20 seconds left this turn.
|inactive|areyousneaky has 15 seconds left.
|inactive|areyousneaky has 10 seconds left.
|inactive|areyousneaky has 5 seconds left.
|
|move|p1a: Zapdos|Flash|p2a: Hashira16
|-unboost|p2a: Hashira16|accuracy|1
|move|p2a: Hashira16|Rock Slide|p1a: Zapdos
|-supereffective|p1a: Zapdos
|-damage|p1a: Zapdos|0 fnt
|faint|p1a: Zapdos
|
|win|7 Tools
|inactive|areyousneaky has 10 seconds left this turn.
|l|☆areyousneaky
