|j|☆bvdas
|j|☆Ejthewolf
|player|p1|bvdas|260
|player|p2|Ejthewolf|223
|teamsize|p1|6
|teamsize|p2|6
|gametype|singles
|gen|1
|tier|[Gen 1] OU
|rated|
|rule|Sleep Clause Mod: Limit one foe put to sleep
|rule|Freeze Clause Mod: Limit one foe frozen
|rule|Species Clause: Limit one of each Pokémon
|rule|OHKO Clause: OHKO moves are banned
|rule|Evasion Moves Clause: Evasion moves are banned
|rule|HP Percentage Mod: HP is shown in percentages
|
|start
|switch|p1a: Gengar|Gengar|323/323
|switch|p2a: Alakazam|Alakazam|313/313
|turn|1
|
|switch|p1a: Chansey|Chansey|703/703
|move|p2a: Alakazam|Psychic|p1a: Chansey
|-damage|p1a: Chansey|573/703
|-unboost|p1a: Chansey|spd|1
|-unboost|p1a: Chansey|spa|1
|
|upkeep
|turn|2
|
|move|p2a: Alakazam|Psychic|p1a: Chansey
|-crit|p1a: Chansey
|-damage|p1a: Chansey|330/703
|move|p1a: Chansey|Thunderbolt|p2a: Alakazam
|-crit|p2a: Alakazam
|-damage|p2a: Alakazam|191/313
|
|upkeep
|turn|3
|
|move|p2a: Alakazam|Psychic|p1a: Chansey
|-crit|p1a: Chansey
|-damage|p1a: Chansey|81/703
|-unboost|p1a: Chansey|spd|1
|-unboost|p1a: Chansey|spa|1
|move|p1a: Chansey|Soft-Boiled|p1a: Chansey
|-heal|p1a: Chansey|432/703
|
|upkeep
|turn|4
|
|switch|p1a: Exeggutor|Exeggutor|393/393
|move|p2a: Alakazam|Psychic|p1a: Exeggutor
|-crit|p1a: Exeggutor
|-resisted|p1a: Exeggutor
|-damage|p1a: Exeggutor|289/393
|
|upkeep
|turn|5
|
|move|p2a: Alakazam|Thunder Wave|p1a: Exeggutor
|-status|p1a: Exeggutor|par
|move|p1a: Exeggutor|Sleep Powder|p2a: Alakazam
|-status|p2a: Alakazam|slp|[from] move: Sleep Powder
|
|upkeep
|turn|6
|
|switch|p1a: Gengar|Gengar|323/323
|cant|p2a: Alakazam|slp
|
|upkeep
|turn|7
|
|switch|p2a: Exeggutor|Exeggutor|393/393
|move|p1a: Gengar|Thunderbolt|p2a: Exeggutor
|-resisted|p2a: Exeggutor
|-damage|p2a: Exeggutor|355/393
|
|upkeep
|turn|8
|
|move|p1a: Gengar|Thunderbolt|p2a: Exeggutor
|-resisted|p2a: Exeggutor
|-damage|p2a: Exeggutor|317/393
|move|p2a: Exeggutor|Psychic|p1a: Gengar
|-supereffective|p1a: Gengar
|-damage|p1a: Gengar|113/323
|-unboost|p1a: Gengar|spd|1
|-unboost|p1a: Gengar|spa|1
|
|upkeep
|turn|9
|
|switch|p1a: Starmie|Starmie|323/323
|move|p2a: Exeggutor|Psychic|p1a: Starmie
|-resisted|p1a: Starmie
|-damage|p1a: Starmie|264/323
|
|upkeep
|turn|10
|
|switch|p1a: Gengar|Gengar|113/323
|switch|p2a: Chansey|Chansey|703/703
|
|upkeep
|turn|11
|
|switch|p1a: Starmie|Starmie|264/323
|move|p2a: Chansey|Thunder Wave|p1a: Starmie
|-status|p1a: Starmie|par
|
|upkeep
|turn|12
|
|move|p2a: Chansey|Seismic Toss|p1a: Starmie
|-damage|p1a: Starmie|164/323 par
|cant|p1a: Starmie|par
|
|upkeep
|turn|13
|c|☆bvdas|retarded gen this one
|
|move|p2a: Chansey|Seismic Toss|p1a: Starmie
|-damage|p1a: Starmie|64/323 par
|move|p1a: Starmie|Recover|p1a: Starmie
|-heal|p1a: Starmie|225/323 par
|
|upkeep
|turn|14
|
|move|p2a: Chansey|Seismic Toss|p1a: Starmie
|-damage|p1a: Starmie|125/323 par
|move|p1a: Starmie|Recover|p1a: Starmie
|-heal|p1a: Starmie|286/323 par
|
|upkeep
|turn|15
|
|move|p2a: Chansey|Seismic Toss|p1a: Starmie
|-damage|p1a: Starmie|186/323 par
|move|p1a: Starmie|Recover|p1a: Starmie
|-heal|p1a: Starmie|323/323 par
|
|upkeep
|turn|16
|j| Le Austin
|
|move|p2a: Chansey|Seismic Toss|p1a: Starmie
|-damage|p1a: Starmie|223/323 par
|move|p1a: Starmie|Ice Beam|p2a: Chansey
|-crit|p2a: Chansey
|-damage|p2a: Chansey|555/703
|
|upkeep
|turn|17
|
|move|p2a: Chansey|Seismic Toss|p1a: Starmie
|-damage|p1a: Starmie|123/323 par
|cant|p1a: Starmie|par
|
|upkeep
|turn|18
|
|move|p2a: Chansey|Seismic Toss|p1a: Starmie
|-damage|p1a: Starmie|23/323 par
|move|p1a: Starmie|Recover|p1a: Starmie
|-heal|p1a: Starmie|184/323 par
|
|upkeep
|turn|19
|
|move|p2a: Chansey|Seismic Toss|p1a: Starmie
|-damage|p1a: Starmie|84/323 par
|move|p1a: Starmie|Recover|p1a: Starmie
|-heal|p1a: Starmie|245/323 par
|
|upkeep
|turn|20
|
|move|p2a: Chansey|Seismic Toss|p1a: Starmie
|-damage|p1a: Starmie|145/323 par
|move|p1a: Starmie|Recover|p1a: Starmie
|-heal|p1a: Starmie|306/323 par
|
|upkeep
|turn|21
|
|move|p2a: Chansey|Seismic Toss|p1a: Starmie
|-damage|p1a: Starmie|206/323 par
|cant|p1a: Starmie|par
|
|upkeep
|turn|22
|
|move|p2a: Chansey|Seismic Toss|p1a: Starmie
|-damage|p1a: Starmie|106/323 par
|cant|p1a: Starmie|par
|
|upkeep
|turn|23
|
|move|p2a: Chansey|Seismic Toss|p1a: Starmie
|-damage|p1a: Starmie|6/323 par
|move|p1a: Starmie|Recover|p1a: Starmie
|-heal|p1a: Starmie|167/323 par
|
|upkeep
|turn|24
|
|move|p2a: Chansey|Seismic Toss|p1a: Starmie
|-damage|p1a: Starmie|67/323 par
|cant|p1a: Starmie|par
|
|upkeep
|turn|25
|
|switch|p1a: Chansey|Chansey|432/703
|move|p2a: Chansey|Seismic Toss|p1a: Chansey
|-damage|p1a: Chansey|332/703
|
|upkeep
|turn|26
|j| WelcomeToBopCity
|l| WelcomeToBopCity
|
|move|p2a: Chansey|Thunder Wave|p1a: Chansey
|-status|p1a: Chansey|par
|move|p1a: Chansey|Soft-Boiled|p1a: Chansey
|-heal|p1a: Chansey|683/703 par
|
|upkeep
|turn|27
|
|move|p2a: Chansey|Seismic Toss|p1a: Chansey
|-damage|p1a: Chansey|583/703 par
|move|p1a: Chansey|Ice Beam|p2a: Chansey
|-damage|p2a: Chansey|478/703
|-status|p2a: Chansey|frz
|
|upkeep
|turn|28
|c|☆Ejthewolf|reeeeeeeeeeeeeeeeeeeeeeeeee
|c|☆bvdas|u will win dont worry m8
|
|cant|p2a: Chansey|frz
|move|p1a: Chansey|Thunderbolt|p2a: Chansey
|-damage|p2a: Chansey|405/703 frz
|
|upkeep
|turn|29
|c|☆Ejthewolf|without my god egg rip
|
|switch|p2a: Exeggutor|Exeggutor|317/393
|move|p1a: Chansey|Thunderbolt|p2a: Exeggutor
|-resisted|p2a: Exeggutor
|-damage|p2a: Exeggutor|282/393
|
|upkeep
|turn|30
|
|move|p2a: Exeggutor|Psychic|p1a: Chansey
|-damage|p1a: Chansey|464/703 par
|-unboost|p1a: Chansey|spd|1
|-unboost|p1a: Chansey|spa|1
|move|p1a: Chansey|Ice Beam|p2a: Exeggutor
|-supereffective|p2a: Exeggutor
|-damage|p2a: Exeggutor|195/393
|
|upkeep
|turn|31
|
|move|p2a: Exeggutor|Explosion|p1a: Chansey
|-damage|p1a: Chansey|0 fnt
|faint|p1a: Chansey
|faint|p2a: Exeggutor
|
|switch|p2a: Tauros|Tauros|353/353
|switch|p1a: Tauros|Tauros|353/353
|turn|32
|
|move|p2a: Tauros|Body Slam|p1a: Tauros
|-damage|p1a: Tauros|246/353
|move|p1a: Tauros|Body Slam|p2a: Tauros
|-damage|p2a: Tauros|246/353
|
|upkeep
|turn|33
|
|move|p2a: Tauros|Body Slam|p1a: Tauros
|-damage|p1a: Tauros|142/353
|move|p1a: Tauros|Body Slam|p2a: Tauros
|-damage|p2a: Tauros|136/353
|
|upkeep
|turn|34
|
|switch|p1a: Gengar|Gengar|113/323
|move|p2a: Tauros|Hyper Beam|p1a: Gengar
|-immune|p1a: Gengar
|
|upkeep
|turn|35
|c|☆Ejthewolf|speedties
|c|☆Ejthewolf|oh yee
|
|switch|p2a: Alakazam|Alakazam|191/313 slp
|move|p1a: Gengar|Mega Drain|p2a: Alakazam
|-crit|p2a: Alakazam
|-damage|p2a: Alakazam|130/313 slp
|-heal|p1a: Gengar|143/323|[from] drain|[of] p2a: Alakazam
|
|upkeep
|turn|36
|c|☆Ejthewolf|what
|c|☆Ejthewolf|kind of predict was that
|
|cant|p2a: Alakazam|slp
|move|p1a: Gengar|Thunderbolt|p2a: Alakazam
|-damage|p2a: Alakazam|63/313 slp
|
|upkeep
|turn|37
|
|cant|p2a: Alakazam|slp
|move|p1a: Gengar|Thunderbolt|p2a: Alakazam
|-damage|p2a: Alakazam|0 fnt
|faint|p2a: Alakazam
|
|switch|p2a: Tauros|Tauros|136/353
|turn|38
|
|move|p2a: Tauros|Earthquake|p1a: Gengar
|-supereffective|p1a: Gengar
|-damage|p1a: Gengar|0 fnt
|faint|p1a: Gengar
|
|switch|p1a: Tauros|Tauros|142/353
|turn|39
|j| nwfwbfiwbqfe
|
|switch|p2a: Snorlax|Snorlax|523/523
|move|p1a: Tauros|Earthquake|p2a: Snorlax
|-damage|p2a: Snorlax|427/523
|
|upkeep
|turn|40
|c| nwfwbfiwbqfe|u didnt have enough huh
|
|move|p1a: Tauros|Body Slam|p2a: Snorlax
|-damage|p2a: Snorlax|294/523
|move|p2a: Snorlax|Hyper Beam|p1a: Tauros
|-crit|p1a: Tauros
|-damage|p1a: Tauros|0 fnt
|faint|p1a: Tauros
|c|☆Ejthewolf|i never have enough
|c|☆Ejthewolf|gotta get like
|c|☆Ejthewolf|number 1 on ladder
|c| nwfwbfiwbqfe|and then
|c|☆Ejthewolf|idk
|
|switch|p1a: Exeggutor|Exeggutor|289/393 par
|turn|41
|c| nwfwbfiwbqfe|oh well
|c| nwfwbfiwbqfe|how u like
|
|move|p2a: Snorlax|Self-Destruct|p1a: Exeggutor
|-damage|p1a: Exeggutor|0 fnt
|faint|p1a: Exeggutor
|faint|p2a: Snorlax
|c| nwfwbfiwbqfe|but it seems like u are burning out
|
|switch|p2a: Zapdos|Zapdos|383/383
|switch|p1a: Golem|Golem|363/363
|turn|42
|c|☆Ejthewolf|ouch
|c|☆Ejthewolf|and i had surf on lax
|c|☆Ejthewolf|lulz
|
|switch|p2a: Chansey|Chansey|405/703 frz
|move|p1a: Golem|Earthquake|p2a: Chansey
|-damage|p2a: Chansey|60/703 frz
|
|upkeep
|turn|43
|
|cant|p2a: Chansey|frz
|move|p1a: Golem|Earthquake|p2a: Chansey
|-damage|p2a: Chansey|0 fnt
|faint|p2a: Chansey
|
|switch|p2a: Tauros|Tauros|136/353
|turn|44
|
|move|p2a: Tauros|Blizzard|p1a: Golem
|-supereffective|p1a: Golem
|-damage|p1a: Golem|146/363
|move|p1a: Golem|Earthquake|p2a: Tauros
|-damage|p2a: Tauros|0 fnt
|faint|p2a: Tauros
|c| nwfwbfiwbqfe|is it a roll
|c|☆Ejthewolf|Golem Earthquake vs. Tauros: 119-141 (33.7 - 39.9%) -- guaranteed 3HKO
|c|☆Ejthewolf|idek waht i was at lulz
|
|switch|p2a: Zapdos|Zapdos|383/383
|turn|45
|c|☆Ejthewolf|ugh
|
|move|p2a: Zapdos|Drill Peck|p1a: Golem
|-resisted|p1a: Golem
|-damage|p1a: Golem|108/363
|move|p1a: Golem|Rock Slide|p2a: Zapdos|[miss]
|-miss|p1a: Golem
|
|upkeep
|turn|46
|c| nwfwbfiwbqfe|33.7 - 39.9%
|c| nwfwbfiwbqfe|y
|c| Le Austin|(The opposing Tauros lost 39% of its health!)
|c|☆Ejthewolf|lmao
|c|☆Ejthewolf|max roll
|c|☆bvdas|hehe
|c|☆Ejthewolf|feels
|c| nwfwbfiwbqfe|if u crit
|c| nwfwbfiwbqfe|a peck
|c|☆Ejthewolf|FEEEEEEEEEEEEEEEEEELZ
|c|☆bvdas|go
|
|move|p2a: Zapdos|Drill Peck|p1a: Golem
|-resisted|p1a: Golem
|-damage|p1a: Golem|70/363
|move|p1a: Golem|Rock Slide|p2a: Zapdos
|-supereffective|p2a: Zapdos
|-damage|p2a: Zapdos|164/383
|
|upkeep
|turn|47
|j| SempaiLugia
|c|☆Ejthewolf|crit right now
|c| Le Austin|19% crit
|c|☆Ejthewolf|Zapdos Drill Peck vs. Golem on a critical hit: 65-77 (17.9 - 21.2%) -- possible 5HKO
|c|☆Ejthewolf|we got this
|c|☆Ejthewolf|just crit
|c|☆Ejthewolf|high roll
|
|move|p2a: Zapdos|Drill Peck|p1a: Golem
|-resisted|p1a: Golem
|-damage|p1a: Golem|33/363
|move|p1a: Golem|Rock Slide|p2a: Zapdos
|-supereffective|p2a: Zapdos
|-damage|p2a: Zapdos|0 fnt
|faint|p2a: Zapdos
|
|win|bvdas
|c|☆Ejthewolf|wow
|c|☆Ejthewolf|u suck zapdos
|l|☆Ejthewolf
|l| Le Austin
|l| nwfwbfiwbqfe
