|j|☆WelcomeToBopCity
|j|☆doodles1992
|player|p1|WelcomeToBopCity|2
|player|p2|doodles1992|169
|teamsize|p1|6
|teamsize|p2|6
|gametype|singles
|gen|1
|tier|[Gen 1] OU
|rated|
|rule|Sleep Clause Mod: Limit one foe put to sleep
|rule|Freeze Clause Mod: Limit one foe frozen
|rule|Species Clause: Limit one of each Pokémon
|rule|OHKO Clause: OHKO moves are banned
|rule|Evasion Moves Clause: Evasion moves are banned
|rule|HP Percentage Mod: HP is shown in percentages
|
|start
|switch|p1a: Alakazam|Alakazam|313/313
|switch|p2a: Jynx|Jynx|333/333
|turn|1
|
|move|p1a: Alakazam|Thunder Wave|p2a: Jynx
|-status|p2a: Jynx|par
|move|p2a: Jynx|Lovely Kiss|p1a: Alakazam
|-status|p1a: Alakazam|slp|[from] move: Lovely Kiss
|
|upkeep
|turn|2
|
|switch|p1a: Chansey|Chansey|703/703
|move|p2a: Jynx|Blizzard|p1a: Chansey
|-damage|p1a: Chansey|560/703
|-status|p1a: Chansey|frz
|
|upkeep
|turn|3
|
|switch|p1a: Snorlax|Snorlax|523/523
|move|p2a: Jynx|Psychic|p1a: Snorlax
|-damage|p1a: Snorlax|380/523
|-unboost|p1a: Snorlax|spd|1
|-unboost|p1a: Snorlax|spa|1
|
|upkeep
|turn|4
|
|switch|p1a: Alakazam|Alakazam|313/313 slp
|cant|p2a: Jynx|par
|
|upkeep
|turn|5
|
|switch|p1a: Snorlax|Snorlax|380/523
|move|p2a: Jynx|Psychic|p1a: Snorlax
|-damage|p1a: Snorlax|241/523
|
|upkeep
|turn|6
|
|move|p1a: Snorlax|Hyper Beam|p2a: Jynx
|-damage|p2a: Jynx|29/333 par
|-mustrecharge|p1a: Snorlax
|move|p2a: Jynx|Psychic|p1a: Snorlax
|-damage|p1a: Snorlax|100/523
|-unboost|p1a: Snorlax|spd|1
|-unboost|p1a: Snorlax|spa|1
|
|upkeep
|turn|7
|-message|WelcomeToBopCity forfeited.
|
|win|doodles1992
|l|☆WelcomeToBopCity
