|j|☆SempaiLugia
|j|☆WizzardTheRaven23
|player|p1|SempaiLugia|102
|player|p2|WizzardTheRaven23|153
|teamsize|p1|6
|teamsize|p2|6
|gametype|singles
|gen|1
|tier|[Gen 1] OU
|rated|
|rule|Sleep Clause Mod: Limit one foe put to sleep
|rule|Freeze Clause Mod: Limit one foe frozen
|rule|Species Clause: Limit one of each Pokémon
|rule|OHKO Clause: OHKO moves are banned
|rule|Evasion Moves Clause: Evasion moves are banned
|rule|HP Percentage Mod: HP is shown in percentages
|
|start
|switch|p1a: Jynx|Jynx|333/333
|switch|p2a: Böser Bruder|Gengar|323/323
|turn|1
|inactive|Battle timer is ON: inactive players will automatically lose when time's up. (requested by SempaiLugia)
|
|move|p2a: Böser Bruder|Hypnosis|p1a: Jynx
|-status|p1a: Jynx|slp|[from] move: Hypnosis
|cant|p1a: Jynx|slp
|
|upkeep
|turn|2
|
|switch|p2a: RAMMBOCK|Tauros|353/353
|cant|p1a: Jynx|slp
|
|upkeep
|turn|3
|
|switch|p1a: Exeggutor|Exeggutor|393/393
|move|p2a: RAMMBOCK|Body Slam|p1a: Exeggutor
|-damage|p1a: Exeggutor|278/393
|-status|p1a: Exeggutor|par
|
|upkeep
|turn|4
|
|move|p2a: RAMMBOCK|Fire Blast|p1a: Exeggutor
|-supereffective|p1a: Exeggutor
|-damage|p1a: Exeggutor|150/393 par
|move|p1a: Exeggutor|Sleep Powder|p2a: RAMMBOCK
|-status|p2a: RAMMBOCK|slp|[from] move: Sleep Powder
|
|upkeep
|turn|5
|
|cant|p2a: RAMMBOCK|slp
|move|p1a: Exeggutor|Psychic|p2a: RAMMBOCK
|-damage|p2a: RAMMBOCK|205/353 slp
|-unboost|p2a: RAMMBOCK|spd|1
|-unboost|p2a: RAMMBOCK|spa|1
|
|upkeep
|turn|6
|
|switch|p2a: Stern|Starmie|323/323
|move|p1a: Exeggutor|Mega Drain|p2a: Stern
|-crit|p2a: Stern
|-supereffective|p2a: Stern
|-damage|p2a: Stern|103/323
|-heal|p1a: Exeggutor|260/393 par|[from] drain|[of] p2a: Stern
|
|upkeep
|turn|7
|
|move|p2a: Stern|Ice Beam|p1a: Exeggutor
|-supereffective|p1a: Exeggutor
|-damage|p1a: Exeggutor|122/393 par
|cant|p1a: Exeggutor|par
|
|upkeep
|turn|8
|
|move|p2a: Stern|Ice Beam|p1a: Exeggutor
|-supereffective|p1a: Exeggutor
|-damage|p1a: Exeggutor|0 fnt
|faint|p1a: Exeggutor
|
|switch|p1a: Chansey|Chansey|703/703
|turn|9
|
|move|p2a: Stern|Hydro Pump|p1a: Chansey|[miss]
|-miss|p2a: Stern
|move|p1a: Chansey|Thunderbolt|p2a: Stern
|-supereffective|p2a: Stern
|-damage|p2a: Stern|0 fnt
|faint|p2a: Stern
|
|switch|p2a: RAMMBOCK|Tauros|205/353 slp
|turn|10
|
|cant|p2a: RAMMBOCK|slp
|move|p1a: Chansey|Thunderbolt|p2a: RAMMBOCK
|-damage|p2a: RAMMBOCK|109/353 slp
|
|upkeep
|turn|11
|
|cant|p2a: RAMMBOCK|slp
|move|p1a: Chansey|Thunderbolt|p2a: RAMMBOCK
|-damage|p2a: RAMMBOCK|18/353 slp
|
|upkeep
|turn|12
|
|cant|p2a: RAMMBOCK|slp
|move|p1a: Chansey|Thunderbolt|p2a: RAMMBOCK
|-damage|p2a: RAMMBOCK|0 fnt
|faint|p2a: RAMMBOCK
|
|switch|p2a: Fettarsch|Snorlax|523/523
|turn|13
|
|move|p2a: Fettarsch|Body Slam|p1a: Chansey
|-damage|p1a: Chansey|396/703
|move|p1a: Chansey|Counter|p2a: Fettarsch
|-damage|p2a: Fettarsch|0 fnt
|faint|p2a: Fettarsch
|
|switch|p2a: Striker|Alakazam|313/313
|turn|14
|
|move|p2a: Striker|Psychic|p1a: Chansey
|-damage|p1a: Chansey|277/703
|move|p1a: Chansey|Thunderbolt|p2a: Striker
|-damage|p2a: Striker|248/313
|
|upkeep
|turn|15
|
|switch|p2a: Jigollo|Exeggutor|393/393
|move|p1a: Chansey|Soft-Boiled|p1a: Chansey
|-heal|p1a: Chansey|628/703
|
|upkeep
|turn|16
|
|switch|p1a: Jynx|Jynx|333/333 slp
|move|p2a: Jigollo|Double-Edge|p1a: Jynx
|-damage|p1a: Jynx|194/333 slp
|-damage|p2a: Jigollo|359/393|[from] Recoil|[of] p1a: Jynx
|
|upkeep
|turn|17
|
|cant|p1a: Jynx|slp
|move|p2a: Jigollo|Double-Edge|p1a: Jynx
|-damage|p1a: Jynx|69/333 slp
|-damage|p2a: Jigollo|328/393|[from] Recoil|[of] p1a: Jynx
|
|upkeep
|turn|18
|
|cant|p1a: Jynx|slp
|move|p2a: Jigollo|Double-Edge|p1a: Jynx
|-damage|p1a: Jynx|0 fnt
|-damage|p2a: Jigollo|311/393|[from] Recoil|[of] p1a: Jynx
|faint|p1a: Jynx
|
|switch|p1a: Starmie|Starmie|323/323
|turn|19
|
|move|p1a: Starmie|Thunder Wave|p2a: Jigollo
|-status|p2a: Jigollo|par
|move|p2a: Jigollo|Mega Drain|p1a: Starmie
|-supereffective|p1a: Starmie
|-damage|p1a: Starmie|213/323
|-heal|p2a: Jigollo|366/393 par|[from] drain|[of] p1a: Starmie
|
|upkeep
|turn|20
|
|move|p1a: Starmie|Blizzard|p2a: Jigollo
|-supereffective|p2a: Jigollo
|-damage|p2a: Jigollo|214/393 par
|move|p2a: Jigollo|Mega Drain|p1a: Starmie
|-supereffective|p1a: Starmie
|-damage|p1a: Starmie|107/323
|-heal|p2a: Jigollo|267/393 par|[from] drain|[of] p1a: Starmie
|
|upkeep
|turn|21
|
|switch|p1a: Chansey|Chansey|628/703
|move|p2a: Jigollo|Mega Drain|p1a: Chansey
|-damage|p1a: Chansey|570/703
|-heal|p2a: Jigollo|296/393 par|[from] drain|[of] p1a: Chansey
|
|upkeep
|turn|22
|
|move|p1a: Chansey|Ice Beam|p2a: Jigollo
|-supereffective|p2a: Jigollo
|-damage|p2a: Jigollo|153/393 par
|cant|p2a: Jigollo|par
|
|upkeep
|turn|23
|
|switch|p1a: Starmie|Starmie|107/323
|move|p2a: Jigollo|Explosion|p1a: Starmie
|-damage|p1a: Starmie|0 fnt
|faint|p1a: Starmie
|faint|p2a: Jigollo
|
|switch|p1a: Snorlax|Snorlax|523/523
|switch|p2a: Böser Bruder|Gengar|323/323
|turn|24
|
|switch|p1a: Chansey|Chansey|570/703
|move|p2a: Böser Bruder|Hypnosis|p1a: Chansey
|-status|p1a: Chansey|slp|[from] move: Hypnosis
|
|upkeep
|turn|25
|
|switch|p1a: Snorlax|Snorlax|523/523
|move|p2a: Böser Bruder|Explosion|p1a: Snorlax
|-damage|p1a: Snorlax|259/523
|faint|p2a: Böser Bruder
|
|switch|p2a: Striker|Alakazam|248/313
|turn|26
|
|move|p2a: Striker|Psychic|p1a: Snorlax
|-crit|p1a: Snorlax
|-damage|p1a: Snorlax|0 fnt
|faint|p1a: Snorlax
|
|switch|p1a: Tauros|Tauros|353/353
|turn|27
|
|move|p2a: Striker|Psychic|p1a: Tauros
|-damage|p1a: Tauros|188/353
|-unboost|p1a: Tauros|spd|1
|-unboost|p1a: Tauros|spa|1
|move|p1a: Tauros|Hyper Beam|p2a: Striker
|-damage|p2a: Striker|0 fnt
|faint|p2a: Striker
|
|win|SempaiLugia
