|j|☆Ejthewolf
|j|☆doodles1992
|player|p1|Ejthewolf|223
|player|p2|doodles1992|169
|teamsize|p1|6
|teamsize|p2|6
|gametype|singles
|gen|1
|tier|[Gen 1] OU
|rated|
|rule|Sleep Clause Mod: Limit one foe put to sleep
|rule|Freeze Clause Mod: Limit one foe frozen
|rule|Species Clause: Limit one of each Pokémon
|rule|OHKO Clause: OHKO moves are banned
|rule|Evasion Moves Clause: Evasion moves are banned
|rule|HP Percentage Mod: HP is shown in percentages
|
|start
|switch|p1a: Alakazam|Alakazam|313/313
|switch|p2a: Jynx|Jynx|333/333
|turn|1
|
|move|p1a: Alakazam|Thunder Wave|p2a: Jynx
|-status|p2a: Jynx|par
|move|p2a: Jynx|Lovely Kiss|p1a: Alakazam
|-status|p1a: Alakazam|slp|[from] move: Lovely Kiss
|
|upkeep
|turn|2
|
|-curestatus|p1a: Alakazam|slp|[msg]
|move|p2a: Jynx|Psychic|p1a: Alakazam
|-crit|p1a: Alakazam
|-resisted|p1a: Alakazam
|-damage|p1a: Alakazam|236/313
|-unboost|p1a: Alakazam|spd|1
|-unboost|p1a: Alakazam|spa|1
|
|upkeep
|turn|3
|
|move|p1a: Alakazam|Seismic Toss|p2a: Jynx
|-damage|p2a: Jynx|233/333 par
|cant|p2a: Jynx|par
|
|upkeep
|turn|4
|
|move|p1a: Alakazam|Seismic Toss|p2a: Jynx
|-damage|p2a: Jynx|133/333 par
|cant|p2a: Jynx|par
|
|upkeep
|turn|5
|inactive|Battle timer is ON: inactive players will automatically lose when time's up. (requested by doodles1992)
|j| Le Austin
|
|move|p1a: Alakazam|Seismic Toss|p2a: Jynx
|-damage|p2a: Jynx|33/333 par
|move|p2a: Jynx|Psychic|p1a: Alakazam
|-crit|p1a: Alakazam
|-resisted|p1a: Alakazam
|-damage|p1a: Alakazam|152/313
|-unboost|p1a: Alakazam|spd|1
|-unboost|p1a: Alakazam|spa|1
|
|upkeep
|turn|6
|j| victorsaur
|l| victorsaur
|j| victorsaur
|inactive|Ejthewolf has 120 seconds left.
|
|move|p1a: Alakazam|Seismic Toss|p2a: Jynx
|-damage|p2a: Jynx|0 fnt
|faint|p2a: Jynx
|
|switch|p2a: Jolteon|Jolteon|333/333
|turn|7
|
|switch|p1a: Chansey|Chansey|703/703
|move|p2a: Jolteon|Thunderbolt|p1a: Chansey
|-damage|p1a: Chansey|595/703
|
|upkeep
|turn|8
|
|move|p2a: Jolteon|Thunder Wave|p1a: Chansey
|-status|p1a: Chansey|par
|move|p1a: Chansey|Thunder Wave|p2a: Jolteon
|-status|p2a: Jolteon|par
|
|upkeep
|turn|9
|inactive|Ejthewolf has 120 seconds left.
|j| WelcomeToBopCity
|
|move|p2a: Jolteon|Body Slam|p1a: Chansey
|-damage|p1a: Chansey|464/703 par
|move|p1a: Chansey|Soft-Boiled|p1a: Chansey
|-heal|p1a: Chansey|703/703 par
|
|upkeep
|turn|10
|
|switch|p2a: Golem|Golem|363/363
|cant|p1a: Chansey|par
|
|upkeep
|turn|11
|
|switch|p1a: Exeggutor|Exeggutor|393/393
|move|p2a: Golem|Earthquake|p1a: Exeggutor
|-resisted|p1a: Exeggutor
|-damage|p1a: Exeggutor|324/393
|
|upkeep
|turn|12
|
|switch|p2a: Zapdos|Zapdos|383/383
|move|p1a: Exeggutor|Psychic|p2a: Zapdos
|-damage|p2a: Zapdos|269/383
|
|upkeep
|turn|13
|inactive|Ejthewolf has 120 seconds left.
|
|move|p2a: Zapdos|Drill Peck|p1a: Exeggutor
|-supereffective|p1a: Exeggutor
|-damage|p1a: Exeggutor|121/393
|move|p1a: Exeggutor|Explosion|p2a: Zapdos
|-crit|p2a: Zapdos
|-damage|p2a: Zapdos|0 fnt
|faint|p2a: Zapdos
|faint|p1a: Exeggutor
|
|switch|p2a: Golem|Golem|363/363
|switch|p1a: Snorlax|Snorlax|523/523
|turn|14
|inactive|Ejthewolf has 120 seconds left.
|
|move|p2a: Golem|Earthquake|p1a: Snorlax
|-damage|p1a: Snorlax|360/523
|move|p1a: Snorlax|Surf|p2a: Golem
|-supereffective|p2a: Golem
|-damage|p2a: Golem|55/363
|
|upkeep
|turn|15
|
|move|p2a: Golem|Explosion|p1a: Snorlax
|-damage|p1a: Snorlax|0 fnt
|faint|p1a: Snorlax
|faint|p2a: Golem
|l| victorsaur
|
|switch|p2a: Jolteon|Jolteon|333/333 par
|switch|p1a: Alakazam|Alakazam|152/313
|turn|16
|
|move|p1a: Alakazam|Recover|p1a: Alakazam
|-heal|p1a: Alakazam|308/313
|move|p2a: Jolteon|Thunderbolt|p1a: Alakazam
|-damage|p1a: Alakazam|213/313
|
|upkeep
|turn|17
|
|move|p1a: Alakazam|Psychic|p2a: Jolteon
|-damage|p2a: Jolteon|212/333 par
|-unboost|p2a: Jolteon|spd|1
|-unboost|p2a: Jolteon|spa|1
|move|p2a: Jolteon|Pin Missile|p1a: Alakazam
|-supereffective|p1a: Alakazam
|-damage|p1a: Alakazam|185/313
|-damage|p1a: Alakazam|157/313
|-hitcount|p1a: Alakazam|2
|
|upkeep
|turn|18
|j| nwfwbfiwbqfe
|
|move|p1a: Alakazam|Psychic|p2a: Jolteon
|-damage|p2a: Jolteon|36/333 par
|-unboost|p2a: Jolteon|spd|1
|-unboost|p2a: Jolteon|spa|1
|move|p2a: Jolteon|Thunderbolt|p1a: Alakazam
|-crit|p1a: Alakazam
|-damage|p1a: Alakazam|0 fnt
|faint|p1a: Alakazam
|
|switch|p1a: Tauros|Tauros|353/353
|turn|19
|
|switch|p2a: Starmie|Starmie|323/323
|move|p1a: Tauros|Body Slam|p2a: Starmie
|-damage|p2a: Starmie|211/323
|
|upkeep
|turn|20
|
|switch|p1a: Chansey|Chansey|703/703 par
|move|p2a: Starmie|Thunder Wave|p1a: Chansey
|-fail|p1a: Chansey|par
|
|upkeep
|turn|21
|
|move|p2a: Starmie|Thunderbolt|p1a: Chansey
|-damage|p1a: Chansey|631/703 par
|move|p1a: Chansey|Seismic Toss|p2a: Starmie
|-damage|p2a: Starmie|111/323
|
|upkeep
|turn|22
|
|move|p2a: Starmie|Blizzard|p1a: Chansey
|-damage|p1a: Chansey|537/703 par
|move|p1a: Chansey|Thunder Wave|p2a: Starmie
|-status|p2a: Starmie|par
|
|upkeep
|turn|23
|
|move|p2a: Starmie|Recover|p2a: Starmie
|-heal|p2a: Starmie|272/323 par
|cant|p1a: Chansey|par
|
|upkeep
|turn|24
|
|cant|p2a: Starmie|par
|move|p1a: Chansey|Soft-Boiled|p1a: Chansey
|-heal|p1a: Chansey|703/703 par
|
|upkeep
|turn|25
|
|move|p2a: Starmie|Thunderbolt|p1a: Chansey
|-crit|p1a: Chansey
|-damage|p1a: Chansey|563/703 par
|move|p1a: Chansey|Seismic Toss|p2a: Starmie
|-damage|p2a: Starmie|172/323 par
|
|upkeep
|turn|26
|
|switch|p2a: Jolteon|Jolteon|36/333 par
|move|p1a: Chansey|Seismic Toss|p2a: Jolteon
|-damage|p2a: Jolteon|0 fnt
|faint|p2a: Jolteon
|
|switch|p2a: Exeggutor|Exeggutor|393/393
|turn|27
|
|move|p2a: Exeggutor|Mega Drain|p1a: Chansey
|-damage|p1a: Chansey|506/703 par
|cant|p1a: Chansey|par
|
|upkeep
|turn|28
|
|move|p2a: Exeggutor|Mega Drain|p1a: Chansey
|-damage|p1a: Chansey|454/703 par
|move|p1a: Chansey|Thunder Wave|p2a: Exeggutor
|-status|p2a: Exeggutor|par
|
|upkeep
|turn|29
|
|move|p2a: Exeggutor|Mega Drain|p1a: Chansey
|-damage|p1a: Chansey|405/703 par
|cant|p1a: Chansey|par
|
|upkeep
|turn|30
|
|move|p2a: Exeggutor|Mega Drain|p1a: Chansey
|-damage|p1a: Chansey|356/703 par
|move|p1a: Chansey|Seismic Toss|p2a: Exeggutor
|-damage|p2a: Exeggutor|293/393 par
|
|upkeep
|turn|31
|
|cant|p2a: Exeggutor|par
|move|p1a: Chansey|Soft-Boiled|p1a: Chansey
|-heal|p1a: Chansey|703/703 par
|
|upkeep
|turn|32
|c| nwfwbfiwbqfe|what kind of music do you listen to? Ejthewolf
|
|move|p2a: Exeggutor|Mega Drain|p1a: Chansey
|-damage|p1a: Chansey|653/703 par
|-heal|p2a: Exeggutor|318/393 par|[from] drain|[of] p1a: Chansey
|move|p1a: Chansey|Seismic Toss|p2a: Exeggutor
|-damage|p2a: Exeggutor|218/393 par
|
|upkeep
|turn|33
|c| nwfwbfiwbqfe|hardcore rock?
|c| nwfwbfiwbqfe|metal?
|
|move|p2a: Exeggutor|Mega Drain|p1a: Chansey
|-damage|p1a: Chansey|596/703 par
|-heal|p2a: Exeggutor|246/393 par|[from] drain|[of] p1a: Chansey
|move|p1a: Chansey|Seismic Toss|p2a: Exeggutor
|-damage|p2a: Exeggutor|146/393 par
|
|upkeep
|turn|34
|c| nwfwbfiwbqfe|dubstep?
|c|☆Ejthewolf|japanese pop
|
|move|p2a: Exeggutor|Mega Drain|p1a: Chansey
|-damage|p1a: Chansey|540/703 par
|-heal|p2a: Exeggutor|174/393 par|[from] drain|[of] p1a: Chansey
|move|p1a: Chansey|Seismic Toss|p2a: Exeggutor
|-damage|p2a: Exeggutor|74/393 par
|
|upkeep
|turn|35
|c| nwfwbfiwbqfe|kpop too?
|
|move|p2a: Exeggutor|Explosion|p1a: Chansey
|-damage|p1a: Chansey|0 fnt
|faint|p1a: Chansey
|faint|p2a: Exeggutor
|
|switch|p2a: Starmie|Starmie|172/323 par
|switch|p1a: Tauros|Tauros|353/353
|turn|36
|
|move|p1a: Tauros|Hyper Beam|p2a: Starmie
|-crit|p2a: Starmie
|-damage|p2a: Starmie|0 fnt
|faint|p2a: Starmie
|
|win|Ejthewolf
|c| nwfwbfiwbqfe|BTS and EXO arent bad
|c|☆Ejthewolf|gg
|c|☆doodles1992|gg
|l|☆Ejthewolf
|c| nwfwbfiwbqfe|gg
