|j|☆WizzardTheRaven23
|j|☆Drake Seawood
|player|p1|WizzardTheRaven23|153
|player|p2|Drake Seawood|161
|teamsize|p1|6
|teamsize|p2|6
|gametype|singles
|gen|1
|tier|[Gen 1] OU
|rated|
|rule|Sleep Clause Mod: Limit one foe put to sleep
|rule|Freeze Clause Mod: Limit one foe frozen
|rule|Species Clause: Limit one of each Pokémon
|rule|OHKO Clause: OHKO moves are banned
|rule|Evasion Moves Clause: Evasion moves are banned
|rule|HP Percentage Mod: HP is shown in percentages
|
|start
|switch|p1a: Blitzvogel|Zapdos|383/383
|switch|p2a: Arcanine|Arcanine|383/383
|turn|1
|
|move|p1a: Blitzvogel|Thunderbolt|p2a: Arcanine
|-damage|p2a: Arcanine|235/383
|move|p2a: Arcanine|Fire Blast|p1a: Blitzvogel
|-damage|p1a: Blitzvogel|270/383
|-status|p1a: Blitzvogel|brn
|
|upkeep
|turn|2
|
|switch|p2a: Chansey|Chansey|703/703
|move|p1a: Blitzvogel|Thunderbolt|p2a: Chansey
|-damage|p2a: Chansey|567/703
|-damage|p1a: Blitzvogel|247/383 brn|[from] brn|[of] p2a: Chansey
|
|upkeep
|turn|3
|
|switch|p1a: Giitauros|Tauros|353/353
|move|p2a: Chansey|Ice Beam|p1a: Giitauros
|-damage|p1a: Giitauros|257/353
|
|upkeep
|turn|4
|
|move|p1a: Giitauros|Body Slam|p2a: Chansey
|-damage|p2a: Chansey|292/703
|move|p2a: Chansey|Soft-Boiled|p2a: Chansey
|-heal|p2a: Chansey|643/703
|
|upkeep
|turn|5
|
|switch|p2a: Cloyster|Cloyster|303/303
|move|p1a: Giitauros|Body Slam|p2a: Cloyster
|-damage|p2a: Cloyster|232/303
|-status|p2a: Cloyster|par
|
|upkeep
|turn|6
|
|switch|p1a: Blitzvogel|Zapdos|247/383 brn
|-damage|p1a: Blitzvogel|224/383 brn|[from] brn
|move|p2a: Cloyster|Blizzard|p1a: Blitzvogel
|-crit|p1a: Blitzvogel
|-supereffective|p1a: Blitzvogel
|-damage|p1a: Blitzvogel|0 fnt
|faint|p1a: Blitzvogel
|
|switch|p1a: Steiker|Alakazam|313/313
|turn|7
|
|switch|p2a: Chansey|Chansey|643/703
|move|p1a: Steiker|Psychic|p2a: Chansey
|-damage|p2a: Chansey|511/703
|-unboost|p2a: Chansey|spd|1
|-unboost|p2a: Chansey|spa|1
|
|upkeep
|turn|8
|
|switch|p1a: Giitauros|Tauros|257/353
|move|p2a: Chansey|Sing|p1a: Giitauros|[miss]
|-miss|p2a: Chansey
|
|upkeep
|turn|9
|
|switch|p2a: Cloyster|Cloyster|232/303 par
|move|p1a: Giitauros|Body Slam|p2a: Cloyster
|-damage|p2a: Cloyster|168/303 par
|
|upkeep
|turn|10
|
|move|p1a: Giitauros|Hyper Beam|p2a: Cloyster
|-crit|p2a: Cloyster
|-damage|p2a: Cloyster|0 fnt
|faint|p2a: Cloyster
|
|switch|p2a: Alakazam|Alakazam|313/313
|turn|11
|
|move|p2a: Alakazam|Psychic|p1a: Giitauros
|-damage|p1a: Giitauros|88/353
|move|p1a: Giitauros|Hyper Beam|p2a: Alakazam
|-damage|p2a: Alakazam|29/313
|-mustrecharge|p1a: Giitauros
|
|upkeep
|turn|12
|
|move|p2a: Alakazam|Psychic|p1a: Giitauros
|-damage|p1a: Giitauros|0 fnt
|faint|p1a: Giitauros
|
|switch|p1a: Steiker|Alakazam|313/313
|turn|13
|
|switch|p2a: Chansey|Chansey|511/703
|move|p1a: Steiker|Psychic|p2a: Chansey
|-damage|p2a: Chansey|386/703
|
|upkeep
|turn|14
|
|switch|p1a: Exeggutor|Exeggutor|393/393
|move|p2a: Chansey|Soft-Boiled|p2a: Chansey
|-heal|p2a: Chansey|703/703
|
|upkeep
|turn|15
|
|switch|p2a: Arcanine|Arcanine|235/383
|move|p1a: Exeggutor|Double-Edge|p2a: Arcanine
|-damage|p2a: Arcanine|146/383
|-damage|p1a: Exeggutor|371/393|[from] Recoil|[of] p2a: Arcanine
|
|upkeep
|turn|16
|
|switch|p1a: Arcanine|Arcanine|383/383
|move|p2a: Arcanine|Fire Blast|p1a: Arcanine
|-resisted|p1a: Arcanine
|-damage|p1a: Arcanine|314/383
|
|upkeep
|turn|17
|
|move|p1a: Arcanine|Body Slam|p2a: Arcanine
|-damage|p2a: Arcanine|63/383
|move|p2a: Arcanine|Body Slam|p1a: Arcanine
|-damage|p1a: Arcanine|232/383
|
|upkeep
|turn|18
|
|switch|p2a: Chansey|Chansey|703/703
|move|p1a: Arcanine|Hyper Beam|p2a: Chansey
|-damage|p2a: Chansey|381/703
|-mustrecharge|p1a: Arcanine
|
|upkeep
|turn|19
|
|cant|p1a: Arcanine|recharge
|move|p2a: Chansey|Thunderbolt|p1a: Arcanine
|-damage|p1a: Arcanine|141/383
|
|upkeep
|turn|20
|
|switch|p1a: Exeggutor|Exeggutor|371/393
|move|p2a: Chansey|Soft-Boiled|p2a: Chansey
|-heal|p2a: Chansey|703/703
|
|upkeep
|turn|21
|
|switch|p2a: Exeggutor|Exeggutor|393/393
|move|p1a: Exeggutor|Double-Edge|p2a: Exeggutor
|-damage|p2a: Exeggutor|305/393
|-damage|p1a: Exeggutor|349/393|[from] Recoil|[of] p2a: Exeggutor
|
|upkeep
|turn|22
|
|move|p1a: Exeggutor|Toxic|p2a: Exeggutor
|-status|p2a: Exeggutor|tox
|move|p2a: Exeggutor|Stun Spore|p1a: Exeggutor
|-status|p1a: Exeggutor|par
|-damage|p2a: Exeggutor|281/393 tox|[from] psn
|
|upkeep
|turn|23
|
|switch|p2a: Chansey|Chansey|703/703
|switch|p1a: Stern|Starmie|323/323
|
|upkeep
|turn|24
|
|switch|p1a: Exeggutor|Exeggutor|349/393 par
|move|p2a: Chansey|Ice Beam|p1a: Exeggutor
|-crit|p1a: Exeggutor
|-supereffective|p1a: Exeggutor
|-damage|p1a: Exeggutor|97/393 par
|
|upkeep
|turn|25
|
|move|p2a: Chansey|Ice Beam|p1a: Exeggutor
|-supereffective|p1a: Exeggutor
|-damage|p1a: Exeggutor|0 fnt
|faint|p1a: Exeggutor
|
|switch|p1a: Arcanine|Arcanine|141/383
|turn|26
|
|move|p1a: Arcanine|Body Slam|p2a: Chansey
|-crit|p2a: Chansey
|-damage|p2a: Chansey|319/703
|move|p2a: Chansey|Thunderbolt|p1a: Arcanine
|-damage|p1a: Arcanine|50/383
|
|upkeep
|turn|27
|
|switch|p2a: Tauros|Tauros|353/353
|move|p1a: Arcanine|Hyper Beam|p2a: Tauros
|-crit|p2a: Tauros
|-damage|p2a: Tauros|93/353
|-mustrecharge|p1a: Arcanine
|
|upkeep
|turn|28
|
|move|p2a: Tauros|Body Slam|p1a: Arcanine
|-crit|p1a: Arcanine
|-damage|p1a: Arcanine|0 fnt
|faint|p1a: Arcanine
|
|switch|p1a: Steiker|Alakazam|313/313
|turn|29
|
|switch|p2a: Arcanine|Arcanine|63/383
|move|p1a: Steiker|Psychic|p2a: Arcanine
|-crit|p2a: Arcanine
|-damage|p2a: Arcanine|0 fnt
|faint|p2a: Arcanine
|
|switch|p2a: Chansey|Chansey|319/703
|turn|30
|
|move|p1a: Steiker|Psychic|p2a: Chansey
|-damage|p2a: Chansey|181/703
|move|p2a: Chansey|Soft-Boiled|p2a: Chansey
|-heal|p2a: Chansey|532/703
|
|upkeep
|turn|31
|
|move|p1a: Steiker|Psychic|p2a: Chansey
|-damage|p2a: Chansey|399/703
|move|p2a: Chansey|Sing|p1a: Steiker|[miss]
|-miss|p2a: Chansey
|
|upkeep
|turn|32
|
|move|p1a: Steiker|Psychic|p2a: Chansey
|-crit|p2a: Chansey
|-damage|p2a: Chansey|143/703
|-unboost|p2a: Chansey|spd|1
|-unboost|p2a: Chansey|spa|1
|move|p2a: Chansey|Soft-Boiled|p2a: Chansey
|-heal|p2a: Chansey|494/703
|
|upkeep
|turn|33
|
|move|p1a: Steiker|Psychic|p2a: Chansey
|-crit|p2a: Chansey
|-damage|p2a: Chansey|254/703
|-unboost|p2a: Chansey|spd|1
|-unboost|p2a: Chansey|spa|1
|move|p2a: Chansey|Soft-Boiled|p2a: Chansey
|-heal|p2a: Chansey|605/703
|
|upkeep
|turn|34
|
|move|p1a: Steiker|Psychic|p2a: Chansey
|-damage|p2a: Chansey|330/703
|-unboost|p2a: Chansey|spd|1
|-unboost|p2a: Chansey|spa|1
|move|p2a: Chansey|Sing|p1a: Steiker
|-status|p1a: Steiker|slp|[from] move: Sing
|
|upkeep
|turn|35
|
|switch|p1a: Stern|Starmie|323/323
|switch|p2a: Tauros|Tauros|93/353
|
|upkeep
|turn|36
|
|switch|p2a: Chansey|Chansey|330/703
|move|p1a: Stern|Ice Beam|p2a: Chansey
|-damage|p2a: Chansey|253/703
|
|upkeep
|turn|37
|
|move|p1a: Stern|Ice Beam|p2a: Chansey
|-damage|p2a: Chansey|178/703
|move|p2a: Chansey|Soft-Boiled|p2a: Chansey
|-heal|p2a: Chansey|529/703
|
|upkeep
|turn|38
|
|move|p1a: Stern|Ice Beam|p2a: Chansey
|-damage|p2a: Chansey|453/703
|move|p2a: Chansey|Thunderbolt|p1a: Stern
|-supereffective|p1a: Stern
|-damage|p1a: Stern|162/323
|
|upkeep
|turn|39
|
|move|p1a: Stern|Ice Beam|p2a: Chansey
|-damage|p2a: Chansey|379/703
|move|p2a: Chansey|Thunderbolt|p1a: Stern
|-supereffective|p1a: Stern
|-damage|p1a: Stern|14/323
|
|upkeep
|turn|40
|
|move|p1a: Stern|Ice Beam|p2a: Chansey
|-crit|p2a: Chansey
|-damage|p2a: Chansey|237/703
|-status|p2a: Chansey|frz
|cant|p2a: Chansey|frz
|
|upkeep
|turn|41
|
|switch|p2a: Alakazam|Alakazam|29/313
|move|p1a: Stern|Ice Beam|p2a: Alakazam
|-damage|p2a: Alakazam|0 fnt
|faint|p2a: Alakazam
|
|switch|p2a: Exeggutor|Exeggutor|281/393 tox
|turn|42
|c|☆WizzardTheRaven23|I hoped so
|
|switch|p1a: Steiker|Alakazam|313/313 slp
|move|p2a: Exeggutor|Explosion|p1a: Steiker
|-damage|p1a: Steiker|0 fnt
|faint|p1a: Steiker
|faint|p2a: Exeggutor
|
|switch|p1a: Stern|Starmie|14/323
|switch|p2a: Tauros|Tauros|93/353
|turn|43
|
|move|p1a: Stern|Psychic|p2a: Tauros
|-damage|p2a: Tauros|0 fnt
|faint|p2a: Tauros
|c|☆Drake Seawood|Gg
|-message|Drake Seawood forfeited.
|
|win|WizzardTheRaven23
|l|☆Drake Seawood
|raw|WizzardTheRaven23's rating: 1150 &rarr; <strong>1188</strong><br />(+38 for winning)
|raw|Drake Seawood's rating: 1354 &rarr; <strong>1323</strong><br />(-31 for losing)
