|j|☆WelcomeToBopCity
|j|☆NoobWannabe
|player|p1|WelcomeToBopCity|2
|player|p2|NoobWannabe|290
|teamsize|p1|6
|teamsize|p2|6
|gametype|singles
|gen|1
|tier|[Gen 1] OU
|rated|
|rule|Sleep Clause Mod: Limit one foe put to sleep
|rule|Freeze Clause Mod: Limit one foe frozen
|rule|Species Clause: Limit one of each Pokémon
|rule|OHKO Clause: OHKO moves are banned
|rule|Evasion Moves Clause: Evasion moves are banned
|rule|HP Percentage Mod: HP is shown in percentages
|
|start
|switch|p1a: Jynx|Jynx|333/333
|switch|p2a: Alakazam|Alakazam|313/313
|turn|1
|
|move|p2a: Alakazam|Thunder Wave|p1a: Jynx
|-status|p1a: Jynx|par
|move|p1a: Jynx|Lovely Kiss|p2a: Alakazam
|-status|p2a: Alakazam|slp|[from] move: Lovely Kiss
|
|upkeep
|turn|2
|inactive|Battle timer is ON: inactive players will automatically lose when time's up. (requested by NoobWannabe)
|
|-curestatus|p2a: Alakazam|slp|[msg]
|cant|p1a: Jynx|par
|
|upkeep
|turn|3
|
|move|p2a: Alakazam|Seismic Toss|p1a: Jynx
|-damage|p1a: Jynx|233/333 par
|move|p1a: Jynx|Lovely Kiss|p2a: Alakazam
|-status|p2a: Alakazam|slp|[from] move: Lovely Kiss
|
|upkeep
|turn|4
|
|cant|p2a: Alakazam|slp
|move|p1a: Jynx|Blizzard|p2a: Alakazam
|-damage|p2a: Alakazam|209/313 slp
|
|upkeep
|turn|5
|
|cant|p2a: Alakazam|slp
|cant|p1a: Jynx|par
|
|upkeep
|turn|6
|
|switch|p2a: Chansey|Chansey|703/703
|move|p1a: Jynx|Blizzard|p2a: Chansey
|-damage|p2a: Chansey|572/703
|
|upkeep
|turn|7
|
|move|p2a: Chansey|Seismic Toss|p1a: Jynx
|-damage|p1a: Jynx|133/333 par
|cant|p1a: Jynx|par
|
|upkeep
|turn|8
|
|move|p2a: Chansey|Seismic Toss|p1a: Jynx
|-damage|p1a: Jynx|33/333 par
|cant|p1a: Jynx|par
|
|upkeep
|turn|9
|
|switch|p1a: Snorlax|Snorlax|523/523
|move|p2a: Chansey|Seismic Toss|p1a: Snorlax
|-damage|p1a: Snorlax|423/523
|
|upkeep
|turn|10
|inactive|WelcomeToBopCity has 120 seconds left.
|
|move|p2a: Chansey|Reflect|p2a: Chansey
|-start|p2a: Chansey|Reflect
|move|p1a: Snorlax|Earthquake|p2a: Chansey
|-damage|p2a: Chansey|459/703
|
|upkeep
|turn|11
|inactive|WelcomeToBopCity has 120 seconds left.
|
|move|p2a: Chansey|Thunder Wave|p1a: Snorlax
|-status|p1a: Snorlax|par
|move|p1a: Snorlax|Body Slam|p2a: Chansey
|-damage|p2a: Chansey|306/703
|
|upkeep
|turn|12
|
|move|p2a: Chansey|Soft-Boiled|p2a: Chansey
|-heal|p2a: Chansey|657/703
|move|p1a: Snorlax|Body Slam|p2a: Chansey
|-damage|p2a: Chansey|502/703
|
|upkeep
|turn|13
|
|move|p2a: Chansey|Seismic Toss|p1a: Snorlax
|-damage|p1a: Snorlax|323/523 par
|move|p1a: Snorlax|Body Slam|p2a: Chansey
|-damage|p2a: Chansey|350/703
|
|upkeep
|turn|14
|
|move|p2a: Chansey|Soft-Boiled|p2a: Chansey
|-heal|p2a: Chansey|701/703
|cant|p1a: Snorlax|par
|
|upkeep
|turn|15
|
|move|p2a: Chansey|Seismic Toss|p1a: Snorlax
|-damage|p1a: Snorlax|223/523 par
|move|p1a: Snorlax|Body Slam|p2a: Chansey
|-damage|p2a: Chansey|554/703
|
|upkeep
|turn|16
|
|move|p2a: Chansey|Seismic Toss|p1a: Snorlax
|-damage|p1a: Snorlax|123/523 par
|move|p1a: Snorlax|Self-Destruct|p2a: Chansey
|-damage|p2a: Chansey|83/703
|faint|p1a: Snorlax
|
|switch|p1a: Tauros|Tauros|353/353
|turn|17
|
|move|p1a: Tauros|Body Slam|p2a: Chansey
|-crit|p2a: Chansey
|-damage|p2a: Chansey|0 fnt
|faint|p2a: Chansey
|
|switch|p2a: Exeggutor|Exeggutor|393/393
|turn|18
|
|switch|p1a: Jynx|Jynx|33/333 par
|move|p2a: Exeggutor|Sleep Powder|p1a: Jynx|[miss]
|-miss|p2a: Exeggutor
|
|upkeep
|turn|19
|
|move|p2a: Exeggutor|Psychic|p1a: Jynx
|-resisted|p1a: Jynx
|-damage|p1a: Jynx|0 fnt
|faint|p1a: Jynx
|
|switch|p1a: Exeggutor|Exeggutor|393/393
|turn|20
|
|switch|p2a: Alakazam|Alakazam|209/313 slp
|move|p1a: Exeggutor|Stun Spore|p2a: Alakazam
|-fail|p2a: Alakazam
|
|upkeep
|turn|21
|
|switch|p2a: Starmie|Starmie|323/323
|switch|p1a: Tauros|Tauros|353/353
|
|upkeep
|turn|22
|
|move|p2a: Starmie|Thunder Wave|p1a: Tauros
|-status|p1a: Tauros|par
|move|p1a: Tauros|Body Slam|p2a: Starmie
|-damage|p2a: Starmie|207/323
|
|upkeep
|turn|23
|
|switch|p2a: Snorlax|Snorlax|523/523
|move|p1a: Tauros|Body Slam|p2a: Snorlax
|-damage|p2a: Snorlax|396/523
|
|upkeep
|turn|24
|
|move|p2a: Snorlax|Reflect|p2a: Snorlax
|-start|p2a: Snorlax|Reflect
|move|p1a: Tauros|Body Slam|p2a: Snorlax
|-damage|p2a: Snorlax|326/523
|
|upkeep
|turn|25
|
|move|p2a: Snorlax|Body Slam|p1a: Tauros
|-damage|p1a: Tauros|234/353 par
|move|p1a: Tauros|Body Slam|p2a: Snorlax
|-damage|p2a: Snorlax|255/523
|
|upkeep
|turn|26
|
|switch|p1a: Exeggutor|Exeggutor|393/393
|move|p2a: Snorlax|Body Slam|p1a: Exeggutor
|-damage|p1a: Exeggutor|264/393
|
|upkeep
|turn|27
|
|move|p1a: Exeggutor|Stun Spore|p2a: Snorlax|[miss]
|-miss|p1a: Exeggutor
|move|p2a: Snorlax|Rest|p2a: Snorlax
|-status|p2a: Snorlax|slp|[from] move: Rest
|-heal|p2a: Snorlax|523/523 slp|[silent]
|
|upkeep
|turn|28
|
|switch|p2a: Starmie|Starmie|207/323
|move|p1a: Exeggutor|Psychic|p2a: Starmie
|-resisted|p2a: Starmie
|-damage|p2a: Starmie|145/323
|
|upkeep
|turn|29
|
|move|p2a: Starmie|Blizzard|p1a: Exeggutor
|-supereffective|p1a: Exeggutor
|-damage|p1a: Exeggutor|101/393
|move|p1a: Exeggutor|Stun Spore|p2a: Starmie|[miss]
|-miss|p1a: Exeggutor
|
|upkeep
|turn|30
|
|move|p2a: Starmie|Blizzard|p1a: Exeggutor
|-supereffective|p1a: Exeggutor
|-damage|p1a: Exeggutor|0 fnt
|faint|p1a: Exeggutor
|
|switch|p1a: Zapdos|Zapdos|383/383
|turn|31
|
|switch|p2a: Snorlax|Snorlax|523/523 slp
|move|p1a: Zapdos|Thunderbolt|p2a: Snorlax
|-damage|p2a: Snorlax|344/523 slp
|
|upkeep
|turn|32
|
|switch|p2a: Exeggutor|Exeggutor|393/393
|move|p1a: Zapdos|Drill Peck|p2a: Exeggutor
|-supereffective|p2a: Exeggutor
|-damage|p2a: Exeggutor|208/393
|
|upkeep
|turn|33
|
|switch|p1a: Tauros|Tauros|234/353 par
|move|p2a: Exeggutor|Sleep Powder|p1a: Tauros
|-fail|p1a: Tauros
|
|upkeep
|turn|34
|
|move|p2a: Exeggutor|Psychic|p1a: Tauros
|-damage|p1a: Tauros|85/353 par
|move|p1a: Tauros|Body Slam|p2a: Exeggutor
|-damage|p2a: Exeggutor|101/393
|-status|p2a: Exeggutor|par
|
|upkeep
|turn|35
|
|move|p1a: Tauros|Body Slam|p2a: Exeggutor
|-damage|p2a: Exeggutor|0 fnt
|faint|p2a: Exeggutor
|
|switch|p2a: Tauros|Tauros|353/353
|turn|36
|
|move|p2a: Tauros|Body Slam|p1a: Tauros
|-crit|p1a: Tauros
|-damage|p1a: Tauros|0 fnt
|faint|p1a: Tauros
|
|switch|p1a: Lapras|Lapras|463/463
|turn|37
|
|move|p2a: Tauros|Body Slam|p1a: Lapras
|-damage|p1a: Lapras|356/463
|-status|p1a: Lapras|par
|move|p1a: Lapras|Blizzard|p2a: Tauros
|-damage|p2a: Tauros|180/353
|
|upkeep
|turn|38
|
|move|p2a: Tauros|Body Slam|p1a: Lapras
|-crit|p1a: Lapras
|-damage|p1a: Lapras|139/463 par
|move|p1a: Lapras|Blizzard|p2a: Tauros
|-damage|p2a: Tauros|16/353
|
|upkeep
|turn|39
|
|move|p2a: Tauros|Hyper Beam|p1a: Lapras|[miss]
|-miss|p2a: Tauros
|move|p1a: Lapras|Thunderbolt|p2a: Tauros
|-damage|p2a: Tauros|0 fnt
|faint|p2a: Tauros
|
|switch|p2a: Starmie|Starmie|145/323
|turn|40
|
|move|p2a: Starmie|Recover|p2a: Starmie
|-heal|p2a: Starmie|306/323
|move|p1a: Lapras|Thunderbolt|p2a: Starmie
|-supereffective|p2a: Starmie
|-damage|p2a: Starmie|163/323
|
|upkeep
|turn|41
|
|move|p2a: Starmie|Recover|p2a: Starmie
|-heal|p2a: Starmie|323/323
|move|p1a: Lapras|Thunderbolt|p2a: Starmie
|-supereffective|p2a: Starmie
|-damage|p2a: Starmie|187/323
|
|upkeep
|turn|42
|j| Zuelle
|
|move|p2a: Starmie|Recover|p2a: Starmie
|-heal|p2a: Starmie|323/323
|move|p1a: Lapras|Thunderbolt|p2a: Starmie
|-supereffective|p2a: Starmie
|-damage|p2a: Starmie|185/323
|
|upkeep
|turn|43
|
|move|p2a: Starmie|Recover|p2a: Starmie
|-heal|p2a: Starmie|323/323
|move|p1a: Lapras|Thunderbolt|p2a: Starmie
|-supereffective|p2a: Starmie
|-damage|p2a: Starmie|188/323
|
|upkeep
|turn|44
|
|move|p2a: Starmie|Recover|p2a: Starmie
|-heal|p2a: Starmie|323/323
|move|p1a: Lapras|Thunderbolt|p2a: Starmie
|-supereffective|p2a: Starmie
|-damage|p2a: Starmie|178/323
|
|upkeep
|turn|45
|
|move|p2a: Starmie|Recover|p2a: Starmie
|-heal|p2a: Starmie|323/323
|move|p1a: Lapras|Thunderbolt|p2a: Starmie
|-crit|p2a: Starmie
|-supereffective|p2a: Starmie
|-damage|p2a: Starmie|40/323
|
|upkeep
|turn|46
|
|move|p2a: Starmie|Recover|p2a: Starmie
|-heal|p2a: Starmie|201/323
|move|p1a: Lapras|Thunderbolt|p2a: Starmie
|-supereffective|p2a: Starmie
|-damage|p2a: Starmie|66/323
|
|upkeep
|turn|47
|
|move|p2a: Starmie|Recover|p2a: Starmie
|-heal|p2a: Starmie|227/323
|move|p1a: Lapras|Thunderbolt|p2a: Starmie
|-supereffective|p2a: Starmie
|-damage|p2a: Starmie|77/323
|
|upkeep
|turn|48
|
|move|p2a: Starmie|Recover|p2a: Starmie
|-heal|p2a: Starmie|238/323
|move|p1a: Lapras|Thunderbolt|p2a: Starmie
|-supereffective|p2a: Starmie
|-damage|p2a: Starmie|85/323
|
|upkeep
|turn|49
|c|☆NoobWannabe|9turns
|c|☆NoobWannabe|Unparalyzed
|c|☆NoobWannabe|...
|
|move|p2a: Starmie|Recover|p2a: Starmie
|-heal|p2a: Starmie|246/323
|move|p1a: Lapras|Thunderbolt|p2a: Starmie
|-supereffective|p2a: Starmie
|-damage|p2a: Starmie|110/323
|-status|p2a: Starmie|par
|
|upkeep
|turn|50
|
|move|p2a: Starmie|Recover|p2a: Starmie
|-heal|p2a: Starmie|271/323 par
|move|p1a: Lapras|Thunderbolt|p2a: Starmie
|-supereffective|p2a: Starmie
|-damage|p2a: Starmie|128/323 par
|
|upkeep
|turn|51
|
|move|p2a: Starmie|Recover|p2a: Starmie
|-heal|p2a: Starmie|289/323 par
|move|p1a: Lapras|Thunderbolt|p2a: Starmie
|-supereffective|p2a: Starmie
|-damage|p2a: Starmie|149/323 par
|
|upkeep
|turn|52
|c|☆NoobWannabe|Come on
|
|cant|p2a: Starmie|par
|move|p1a: Lapras|Thunderbolt|p2a: Starmie
|-supereffective|p2a: Starmie
|-damage|p2a: Starmie|0 fnt
|faint|p2a: Starmie
|
|switch|p2a: Snorlax|Snorlax|344/523 slp
|turn|53
|c|☆WelcomeToBopCity|bop
|
|cant|p2a: Snorlax|slp
|move|p1a: Lapras|Blizzard|p2a: Snorlax
|-damage|p2a: Snorlax|169/523 slp
|
|upkeep
|turn|54
|
|-curestatus|p2a: Snorlax|slp|[msg]
|cant|p1a: Lapras|par
|
|upkeep
|turn|55
|
|move|p2a: Snorlax|Rest|p2a: Snorlax
|-status|p2a: Snorlax|slp|[from] move: Rest
|-heal|p2a: Snorlax|523/523 slp|[silent]
|move|p1a: Lapras|Blizzard|p2a: Snorlax
|-damage|p2a: Snorlax|349/523 slp
|
|upkeep
|turn|56
|
|cant|p2a: Snorlax|slp
|move|p1a: Lapras|Blizzard|p2a: Snorlax
|-damage|p2a: Snorlax|164/523 slp
|
|upkeep
|turn|57
|
|-curestatus|p2a: Snorlax|slp|[msg]
|move|p1a: Lapras|Blizzard|p2a: Snorlax
|-damage|p2a: Snorlax|0 fnt
|faint|p2a: Snorlax
|c|☆NoobWannabe|Bop = ?
|
|switch|p2a: Alakazam|Alakazam|209/313 slp
|turn|58
|
|-curestatus|p2a: Alakazam|slp|[msg]
|cant|p1a: Lapras|par
|
|upkeep
|turn|59
|
|move|p2a: Alakazam|Psychic|p1a: Lapras
|-damage|p1a: Lapras|14/463 par
|-unboost|p1a: Lapras|spd|1
|-unboost|p1a: Lapras|spa|1
|move|p1a: Lapras|Sing|p2a: Alakazam
|-status|p2a: Alakazam|slp|[from] move: Sing
|
|upkeep
|turn|60
|c|☆NoobWannabe|Jesus
|
|cant|p2a: Alakazam|slp
|move|p1a: Lapras|Blizzard|p2a: Alakazam
|-damage|p2a: Alakazam|134/313 slp
|
|upkeep
|turn|61
|
|cant|p2a: Alakazam|slp
|move|p1a: Lapras|Hyper Beam|p2a: Alakazam
|-damage|p2a: Alakazam|0 fnt
|faint|p2a: Alakazam
|
|win|WelcomeToBopCity
|c|☆NoobWannabe|Rematxh
|raw|WelcomeToBopCity's rating: 1408 &rarr; <strong>1428</strong><br />(+20 for winning)
|raw|NoobWannabe's rating: 1410 &rarr; <strong>1389</strong><br />(-21 for losing)
|c|☆NoobWannabe|Fucking lucky
