|j|☆Skylar Soren
|j|☆RED-PBI
|player|p1|Skylar Soren|101
|player|p2|RED-PBI|163
|teamsize|p1|6
|teamsize|p2|6
|gametype|singles
|gen|1
|tier|[Gen 1] OU
|rule|Sleep Clause Mod: Limit one foe put to sleep
|rule|Freeze Clause Mod: Limit one foe frozen
|rule|Species Clause: Limit one of each Pokémon
|rule|OHKO Clause: OHKO moves are banned
|rule|Evasion Moves Clause: Evasion moves are banned
|rule|HP Percentage Mod: HP is shown in percentages
|
|start
|switch|p1a: Zapdos|Zapdos, L50|196/196
|switch|p2a: Venusaur|Venusaur, L84|304/304
|turn|1
|c|☆RED-PBI|.....
|c|☆Skylar Soren|So your Red. Let’s have a good battle
|
|move|p2a: Venusaur|Leech Seed|p1a: Zapdos
|-start|p1a: Zapdos|move: Leech Seed
|move|p1a: Zapdos|Thunder Wave|p2a: Venusaur
|-status|p2a: Venusaur|par
|-damage|p1a: Zapdos|184/196|[from] Leech Seed|[of] p2a: Venusaur
|
|upkeep
|turn|2
|
|move|p1a: Zapdos|Sky Attack||[still]
|-prepare|p1a: Zapdos|Sky Attack|p2a: Venusaur
|-damage|p1a: Zapdos|172/196|[from] Leech Seed|[of] p2a: Venusaur
|cant|p2a: Venusaur|par
|
|upkeep
|turn|3
|c|☆RED-PBI|*nods*
|
|move|p1a: Zapdos|Sky Attack|p2a: Venusaur|[from]Sky Attack
|-supereffective|p2a: Venusaur
|-damage|p2a: Venusaur|183/304 par
|-damage|p1a: Zapdos|160/196|[from] Leech Seed|[of] p2a: Venusaur
|-heal|p2a: Venusaur|195/304 par|[silent]
|move|p2a: Venusaur|Razor Leaf|p1a: Zapdos
|-crit|p1a: Zapdos
|-resisted|p1a: Zapdos
|-damage|p1a: Zapdos|108/196
|
|upkeep
|turn|4
|
|switch|p1a: Moltres|Moltres, L50|196/196
|cant|p2a: Venusaur|par
|
|upkeep
|turn|5
|
|move|p1a: Moltres|Fire Spin|p2a: Venusaur
|-supereffective|p2a: Venusaur
|-damage|p2a: Venusaur|172/304 par
|cant|p2a: Venusaur|partiallytrapped
|
|upkeep
|turn|6
|
|switch|p2a: Blastoise|Blastoise, L84|299/299
|move|p1a: Moltres|Fire Spin|p2a: Blastoise
|-resisted|p2a: Blastoise
|-damage|p2a: Blastoise|294/299
|
|upkeep
|turn|7
|
|switch|p1a: Slowbro|Slowbro, L50|201/201
|cant|p2a: Blastoise|partiallytrapped
|
|upkeep
|turn|8
|
|move|p2a: Blastoise|Skull Bash||[still]
|-prepare|p2a: Blastoise|Skull Bash|p1a: Slowbro
|move|p1a: Slowbro|Amnesia|p1a: Slowbro
|-boost|p1a: Slowbro|spd|2
|-boost|p1a: Slowbro|spa|2
|
|upkeep
|turn|9
|
|move|p2a: Blastoise|Skull Bash|p1a: Slowbro|[from]Skull Bash
|-damage|p1a: Slowbro|111/201
|move|p1a: Slowbro|Amnesia|p1a: Slowbro
|-boost|p1a: Slowbro|spd|2
|-boost|p1a: Slowbro|spa|2
|
|upkeep
|turn|10
|
|move|p2a: Blastoise|Hydro Pump|p1a: Slowbro
|-resisted|p1a: Slowbro
|-damage|p1a: Slowbro|90/201
|move|p1a: Slowbro|Psychic|p2a: Blastoise
|-damage|p2a: Blastoise|154/299
|
|upkeep
|turn|11
|
|switch|p2a: Snorlax|Snorlax, L82|419/419
|move|p1a: Slowbro|Rest|p1a: Slowbro
|-status|p1a: Slowbro|slp|[from] move: Rest
|-heal|p1a: Slowbro|201/201 slp|[silent]
|
|upkeep
|turn|12
|
|cant|p1a: Slowbro|slp
|move|p2a: Snorlax|Body Slam|p1a: Slowbro
|-damage|p1a: Slowbro|81/201 slp
|
|upkeep
|turn|13
|
|switch|p1a: Rhydon|Rhydon, L50|211/211
|move|p2a: Snorlax|Body Slam|p1a: Rhydon
|-resisted|p1a: Rhydon
|-damage|p1a: Rhydon|151/211
|
|upkeep
|turn|14
|
|switch|p2a: Venusaur|Venusaur, L84|172/304 par
|move|p1a: Rhydon|Body Slam|p2a: Venusaur
|-crit|p2a: Venusaur
|-damage|p2a: Venusaur|113/304 par
|
|upkeep
|turn|15
|
|switch|p1a: Moltres|Moltres, L50|196/196
|move|p2a: Venusaur|Toxic|p1a: Moltres
|-status|p1a: Moltres|tox
|
|upkeep
|turn|16
|
|switch|p2a: Blastoise|Blastoise, L84|154/299
|move|p1a: Moltres|Sky Attack||[still]
|-prepare|p1a: Moltres|Sky Attack|p2a: Blastoise
|-damage|p1a: Moltres|184/196 tox|[from] psn
|
|upkeep
|turn|17
|
|move|p1a: Moltres|Sky Attack|p2a: Blastoise|[from]Sky Attack
|-damage|p2a: Blastoise|100/299
|-damage|p1a: Moltres|160/196 tox|[from] psn
|move|p2a: Blastoise|Water Gun|p1a: Moltres
|-supereffective|p1a: Moltres
|-damage|p1a: Moltres|92/196 tox
|
|upkeep
|turn|18
|
|move|p1a: Moltres|Hyper Beam|p2a: Blastoise
|-damage|p2a: Blastoise|61/299
|-damage|p1a: Moltres|56/196 tox|[from] psn
|-mustrecharge|p1a: Moltres
|move|p2a: Blastoise|Skull Bash||[still]
|-prepare|p2a: Blastoise|Skull Bash|p1a: Moltres
|
|upkeep
|turn|19
|
|cant|p1a: Moltres|recharge
|-damage|p1a: Moltres|8/196 tox|[from] psn
|move|p2a: Blastoise|Skull Bash|p1a: Moltres|[from]Skull Bash
|-damage|p1a: Moltres|0 fnt
|faint|p1a: Moltres
|
|switch|p1a: Zapdos|Zapdos, L50|108/196
|turn|20
|
|move|p1a: Zapdos|Thunderbolt|p2a: Blastoise
|-crit|p2a: Blastoise
|-supereffective|p2a: Blastoise
|-damage|p2a: Blastoise|0 fnt
|faint|p2a: Blastoise
|
|switch|p2a: Venusaur|Venusaur, L84|113/304 par
|turn|21
|
|move|p1a: Zapdos|Sky Attack||[still]
|-prepare|p1a: Zapdos|Sky Attack|p2a: Venusaur
|move|p2a: Venusaur|Toxic|p1a: Zapdos
|-status|p1a: Zapdos|tox
|
|upkeep
|turn|22
|
|move|p1a: Zapdos|Sky Attack|p2a: Venusaur|[from]Sky Attack
|-supereffective|p2a: Venusaur
|-damage|p2a: Venusaur|3/304 par
|-damage|p1a: Zapdos|96/196 tox|[from] psn
|move|p2a: Venusaur|Leech Seed|p1a: Zapdos
|-start|p1a: Zapdos|move: Leech Seed
|
|upkeep
|turn|23
|
|switch|p2a: Charizard|Charizard, L84|250/250
|move|p1a: Zapdos|Drill Peck|p2a: Charizard
|-damage|p2a: Charizard|209/250
|-damage|p1a: Zapdos|72/196 tox|[from] psn
|-damage|p1a: Zapdos|36/196 tox|[from] Leech Seed|[of] p2a: Charizard
|-hint|In Gen 1, Leech Seed's damage is affected by Toxic's counter.
|-heal|p2a: Charizard|245/250|[silent]
|
|upkeep
|turn|24
|
|switch|p1a: Rhydon|Rhydon, L50|151/211
|move|p2a: Charizard|Dragon Rage|p1a: Rhydon
|-damage|p1a: Rhydon|111/211
|
|upkeep
|turn|25
|
|switch|p2a: Venusaur|Venusaur, L84|3/304 par
|move|p1a: Rhydon|Rock Slide|p2a: Venusaur
|-damage|p2a: Venusaur|0 fnt
|faint|p2a: Venusaur
|
|switch|p2a: Snorlax|Snorlax, L82|419/419
|turn|26
|
|move|p1a: Rhydon|Earthquake|p2a: Snorlax
|-damage|p2a: Snorlax|316/419
|move|p2a: Snorlax|Body Slam|p1a: Rhydon
|-resisted|p1a: Rhydon
|-damage|p1a: Rhydon|53/211
|
|upkeep
|turn|27
|
|move|p1a: Rhydon|Hyper Beam|p2a: Snorlax
|-damage|p2a: Snorlax|220/419
|-mustrecharge|p1a: Rhydon
|move|p2a: Snorlax|Body Slam|p1a: Rhydon
|-resisted|p1a: Rhydon
|-damage|p1a: Rhydon|0 fnt
|faint|p1a: Rhydon
|
|switch|p1a: Articuno|Articuno, L50|196/196
|turn|28
|
|move|p1a: Articuno|Toxic|p2a: Snorlax
|-status|p2a: Snorlax|tox
|move|p2a: Snorlax|Hyper Beam|p1a: Articuno
|-damage|p1a: Articuno|0 fnt
|faint|p1a: Articuno
|
|switch|p1a: Zapdos|Zapdos, L50|36/196 tox
|turn|29
|
|move|p1a: Zapdos|Thunderbolt|p2a: Snorlax
|-crit|p2a: Snorlax
|-damage|p2a: Snorlax|55/419 tox
|-damage|p1a: Zapdos|24/196 psn|[from] psn|[of] p2a: Snorlax
|move|p2a: Snorlax|Body Slam|p1a: Zapdos
|-damage|p1a: Zapdos|0 fnt
|faint|p1a: Zapdos
|
|switch|p1a: Tauros|Tauros, L50|181/181
|turn|30
|
|move|p1a: Tauros|Hyper Beam|p2a: Snorlax
|-damage|p2a: Snorlax|0 fnt
|faint|p2a: Snorlax
|
|switch|p2a: Poliwrath|Poliwrath|304/304
|turn|31
|
|switch|p1a: Slowbro|Slowbro, L50|81/201 slp
|move|p2a: Poliwrath|Double Slap|p1a: Slowbro|[miss]
|-miss|p2a: Poliwrath
|
|upkeep
|turn|32
|
|move|p2a: Poliwrath|Water Gun|p1a: Slowbro
|-crit|p1a: Slowbro
|-resisted|p1a: Slowbro
|-damage|p1a: Slowbro|23/201 slp
|-curestatus|p1a: Slowbro|slp|[msg]
|
|upkeep
|turn|33
|
|switch|p2a: Pikachu|Pikachu, L88|178/178
|move|p1a: Slowbro|Rest|p1a: Slowbro
|-status|p1a: Slowbro|slp|[from] move: Rest
|-heal|p1a: Slowbro|201/201 slp|[silent]
|
|upkeep
|turn|34
|
|switch|p1a: Tauros|Tauros, L50|181/181
|move|p2a: Pikachu|Thunderbolt|p1a: Tauros
|-damage|p1a: Tauros|29/181
|
|upkeep
|turn|35
|
|switch|p2a: Poliwrath|Poliwrath|304/304
|move|p1a: Tauros|Earthquake|p2a: Poliwrath
|-crit|p2a: Poliwrath
|-damage|p2a: Poliwrath|251/304
|
|upkeep
|turn|36
|
|switch|p1a: Slowbro|Slowbro, L50|201/201 slp
|move|p2a: Poliwrath|Seismic Toss|p1a: Slowbro
|-damage|p1a: Slowbro|101/201 slp
|
|upkeep
|turn|37
|
|switch|p2a: Pikachu|Pikachu, L88|178/178
|cant|p1a: Slowbro|slp
|
|upkeep
|turn|38
|
|move|p2a: Pikachu|Thunderbolt|p1a: Slowbro
|-supereffective|p1a: Slowbro
|-damage|p1a: Slowbro|0 fnt
|faint|p1a: Slowbro
|
|switch|p1a: Tauros|Tauros, L50|29/181
|turn|39
|
|move|p2a: Pikachu|Quick Attack|p1a: Tauros
|-crit|p1a: Tauros
|-damage|p1a: Tauros|0 fnt
|faint|p1a: Tauros
|
|win|RED-PBI
