|j|☆tonyone87
|j|☆SempaiLugia
|player|p1|tonyone87|162
|player|p2|SempaiLugia|169
|teamsize|p1|6
|teamsize|p2|6
|gametype|singles
|gen|1
|tier|[Gen 1] OU
|rated|
|rule|Sleep Clause Mod: Limit one foe put to sleep
|rule|Freeze Clause Mod: Limit one foe frozen
|rule|Species Clause: Limit one of each Pokémon
|rule|OHKO Clause: OHKO moves are banned
|rule|Evasion Moves Clause: Evasion moves are banned
|rule|HP Percentage Mod: HP is shown in percentages
|
|start
|switch|p1a: Jynx|Jynx|333/333
|switch|p2a: Jynx|Jynx|333/333
|turn|1
|
|switch|p1a: Alakazam|Alakazam|313/313
|move|p2a: Jynx|Lovely Kiss|p1a: Alakazam
|-status|p1a: Alakazam|slp|[from] move: Lovely Kiss
|
|upkeep
|turn|2
|
|switch|p1a: Jynx|Jynx|333/333
|move|p2a: Jynx|Blizzard|p1a: Jynx
|-resisted|p1a: Jynx
|-damage|p1a: Jynx|266/333
|
|upkeep
|turn|3
|
|move|p1a: Jynx|Lovely Kiss|p2a: Jynx
|-status|p2a: Jynx|slp|[from] move: Lovely Kiss
|cant|p2a: Jynx|slp
|
|upkeep
|turn|4
|
|switch|p1a: Tauros|Tauros|353/353
|switch|p2a: Starmie|Starmie|323/323
|
|upkeep
|turn|5
|
|switch|p1a: Chansey|Chansey|703/703
|move|p2a: Starmie|Blizzard|p1a: Chansey
|-crit|p1a: Chansey
|-damage|p1a: Chansey|531/703
|
|upkeep
|turn|6
|
|switch|p2a: Chansey|Chansey|703/703
|move|p1a: Chansey|Ice Beam|p2a: Chansey
|-damage|p2a: Chansey|629/703
|
|upkeep
|turn|7
|
|switch|p2a: Jynx|Jynx|333/333 slp
|move|p1a: Chansey|Ice Beam|p2a: Jynx
|-resisted|p2a: Jynx
|-damage|p2a: Jynx|292/333 slp
|
|upkeep
|turn|8
|
|switch|p1a: Tauros|Tauros|353/353
|cant|p2a: Jynx|slp
|
|upkeep
|turn|9
|
|move|p1a: Tauros|Body Slam|p2a: Jynx
|-damage|p2a: Jynx|125/333 slp
|cant|p2a: Jynx|slp
|
|upkeep
|turn|10
|
|move|p1a: Tauros|Body Slam|p2a: Jynx
|-damage|p2a: Jynx|0 fnt
|faint|p2a: Jynx
|
|switch|p2a: Chansey|Chansey|629/703
|turn|11
|
|switch|p1a: Chansey|Chansey|531/703
|move|p2a: Chansey|Counter|p1a: Chansey
|-damage|p1a: Chansey|281/703
|
|upkeep
|turn|12
|
|move|p2a: Chansey|Ice Beam|p1a: Chansey
|-damage|p1a: Chansey|209/703
|move|p1a: Chansey|Soft-Boiled|p1a: Chansey
|-heal|p1a: Chansey|560/703
|
|upkeep
|turn|13
|
|switch|p1a: Jynx|Jynx|266/333
|move|p2a: Chansey|Ice Beam|p1a: Jynx
|-resisted|p1a: Jynx
|-damage|p1a: Jynx|225/333
|
|upkeep
|turn|14
|
|switch|p2a: Starmie|Starmie|323/323
|move|p1a: Jynx|Lovely Kiss|p2a: Starmie|[miss]
|-miss|p1a: Jynx
|
|upkeep
|turn|15
|
|switch|p1a: Chansey|Chansey|560/703
|move|p2a: Starmie|Blizzard|p1a: Chansey
|-damage|p1a: Chansey|468/703
|
|upkeep
|turn|16
|
|move|p2a: Starmie|Blizzard|p1a: Chansey|[miss]
|-miss|p2a: Starmie
|move|p1a: Chansey|Ice Beam|p2a: Starmie
|-resisted|p2a: Starmie
|-damage|p2a: Starmie|282/323
|
|upkeep
|turn|17
|
|move|p2a: Starmie|Blizzard|p1a: Chansey
|-damage|p1a: Chansey|371/703
|move|p1a: Chansey|Ice Beam|p2a: Starmie
|-resisted|p2a: Starmie
|-damage|p2a: Starmie|243/323
|
|upkeep
|turn|18
|
|switch|p2a: Tauros|Tauros|353/353
|move|p1a: Chansey|Soft-Boiled|p1a: Chansey
|-heal|p1a: Chansey|703/703
|
|upkeep
|turn|19
|
|switch|p2a: Chansey|Chansey|629/703
|move|p1a: Chansey|Ice Beam|p2a: Chansey
|-damage|p2a: Chansey|559/703
|-status|p2a: Chansey|frz
|
|upkeep
|turn|20
|
|switch|p2a: Starmie|Starmie|243/323
|move|p1a: Chansey|Reflect|p1a: Chansey
|-start|p1a: Chansey|Reflect
|
|upkeep
|turn|21
|
|move|p2a: Starmie|Blizzard|p1a: Chansey|[miss]
|-miss|p2a: Starmie
|move|p1a: Chansey|Thunder Wave|p2a: Starmie
|-status|p2a: Starmie|par
|
|upkeep
|turn|22
|
|move|p1a: Chansey|Thunder Wave|p2a: Starmie
|-fail|p2a: Starmie|par
|move|p2a: Starmie|Blizzard|p1a: Chansey
|-damage|p1a: Chansey|609/703
|
|upkeep
|turn|23
|
|move|p1a: Chansey|Ice Beam|p2a: Starmie
|-resisted|p2a: Starmie
|-damage|p2a: Starmie|207/323 par
|cant|p2a: Starmie|par
|
|upkeep
|turn|24
|
|switch|p1a: Snorlax|Snorlax|523/523
|move|p2a: Starmie|Blizzard|p1a: Snorlax
|-damage|p1a: Snorlax|407/523
|
|upkeep
|turn|25
|
|switch|p2a: Chansey|Chansey|559/703 frz
|move|p1a: Snorlax|Amnesia|p1a: Snorlax
|-boost|p1a: Snorlax|spd|2
|-boost|p1a: Snorlax|spa|2
|
|upkeep
|turn|26
|
|switch|p2a: Snorlax|Snorlax|523/523
|move|p1a: Snorlax|Reflect|p1a: Snorlax
|-start|p1a: Snorlax|Reflect
|
|upkeep
|turn|27
|
|move|p1a: Snorlax|Ice Beam|p2a: Snorlax
|-damage|p2a: Snorlax|369/523
|move|p2a: Snorlax|Amnesia|p2a: Snorlax
|-boost|p2a: Snorlax|spd|2
|-boost|p2a: Snorlax|spa|2
|
|upkeep
|turn|28
|
|move|p1a: Snorlax|Amnesia|p1a: Snorlax
|-boost|p1a: Snorlax|spd|2
|-boost|p1a: Snorlax|spa|2
|move|p2a: Snorlax|Amnesia|p2a: Snorlax
|-boost|p2a: Snorlax|spd|2
|-boost|p2a: Snorlax|spa|2
|
|upkeep
|turn|29
|
|move|p2a: Snorlax|Amnesia|p2a: Snorlax
|-boost|p2a: Snorlax|spd|2
|-boost|p2a: Snorlax|spa|2
|move|p1a: Snorlax|Amnesia|p1a: Snorlax
|-boost|p1a: Snorlax|spd|2
|-boost|p1a: Snorlax|spa|2
|
|upkeep
|turn|30
|
|move|p2a: Snorlax|Blizzard|p1a: Snorlax
|-damage|p1a: Snorlax|313/523
|move|p1a: Snorlax|Ice Beam|p2a: Snorlax
|-damage|p2a: Snorlax|292/523
|
|upkeep
|turn|31
|
|move|p2a: Snorlax|Blizzard|p1a: Snorlax
|-damage|p1a: Snorlax|218/523
|move|p1a: Snorlax|Rest|p1a: Snorlax
|-status|p1a: Snorlax|slp|[from] move: Rest
|-heal|p1a: Snorlax|523/523 slp|[silent]
|
|upkeep
|turn|32
|
|move|p2a: Snorlax|Rest|p2a: Snorlax
|-status|p2a: Snorlax|slp|[from] move: Rest
|-heal|p2a: Snorlax|523/523 slp|[silent]
|cant|p1a: Snorlax|slp
|
|upkeep
|turn|33
|
|-curestatus|p1a: Snorlax|slp|[msg]
|cant|p2a: Snorlax|slp
|
|upkeep
|turn|34
|
|switch|p1a: Jynx|Jynx|225/333
|-curestatus|p2a: Snorlax|slp|[msg]
|
|upkeep
|turn|35
|
|move|p1a: Jynx|Lovely Kiss|p2a: Snorlax
|-status|p2a: Snorlax|slp|[from] move: Lovely Kiss
|cant|p2a: Snorlax|slp
|
|upkeep
|turn|36
|
|switch|p1a: Tauros|Tauros|353/353
|-curestatus|p2a: Snorlax|slp|[msg]
|
|upkeep
|turn|37
|
|switch|p1a: Jynx|Jynx|225/333
|move|p2a: Snorlax|Blizzard|p1a: Jynx|[miss]
|-miss|p2a: Snorlax
|
|upkeep
|turn|38
|
|switch|p2a: Starmie|Starmie|207/323 par
|move|p1a: Jynx|Lovely Kiss|p2a: Starmie|[miss]
|-miss|p1a: Jynx
|
|upkeep
|turn|39
|
|switch|p1a: Snorlax|Snorlax|523/523
|move|p2a: Starmie|Thunderbolt|p1a: Snorlax
|-damage|p1a: Snorlax|423/523
|
|upkeep
|turn|40
|
|move|p1a: Snorlax|Amnesia|p1a: Snorlax
|-boost|p1a: Snorlax|spd|2
|-boost|p1a: Snorlax|spa|2
|cant|p2a: Starmie|par
|
|upkeep
|turn|41
|
|switch|p2a: Snorlax|Snorlax|523/523
|move|p1a: Snorlax|Reflect|p1a: Snorlax
|-start|p1a: Snorlax|Reflect
|
|upkeep
|turn|42
|
|switch|p1a: Jynx|Jynx|225/333
|move|p2a: Snorlax|Amnesia|p2a: Snorlax
|-boost|p2a: Snorlax|spd|2
|-boost|p2a: Snorlax|spa|2
|
|upkeep
|turn|43
|
|switch|p2a: Starmie|Starmie|207/323 par
|move|p1a: Jynx|Lovely Kiss|p2a: Starmie
|-fail|p2a: Starmie
|
|upkeep
|turn|44
|
|switch|p1a: Snorlax|Snorlax|423/523
|move|p2a: Starmie|Thunderbolt|p1a: Snorlax
|-damage|p1a: Snorlax|328/523
|
|upkeep
|turn|45
|
|move|p1a: Snorlax|Amnesia|p1a: Snorlax
|-boost|p1a: Snorlax|spd|2
|-boost|p1a: Snorlax|spa|2
|cant|p2a: Starmie|par
|
|upkeep
|turn|46
|
|move|p1a: Snorlax|Amnesia|p1a: Snorlax
|-boost|p1a: Snorlax|spd|2
|-boost|p1a: Snorlax|spa|2
|move|p2a: Starmie|Thunder Wave|p1a: Snorlax
|-status|p1a: Snorlax|par
|
|upkeep
|turn|47
|
|switch|p2a: Snorlax|Snorlax|523/523
|move|p1a: Snorlax|Reflect|p1a: Snorlax
|-start|p1a: Snorlax|Reflect
|
|upkeep
|turn|48
|
|move|p2a: Snorlax|Amnesia|p2a: Snorlax
|-boost|p2a: Snorlax|spd|2
|-boost|p2a: Snorlax|spa|2
|move|p1a: Snorlax|Ice Beam|p2a: Snorlax
|-damage|p2a: Snorlax|407/523
|
|upkeep
|turn|49
|
|move|p2a: Snorlax|Amnesia|p2a: Snorlax
|-boost|p2a: Snorlax|spd|2
|-boost|p2a: Snorlax|spa|2
|cant|p1a: Snorlax|par
|
|upkeep
|turn|50
|
|move|p2a: Snorlax|Amnesia|p2a: Snorlax
|-boost|p2a: Snorlax|spd|2
|-boost|p2a: Snorlax|spa|2
|move|p1a: Snorlax|Amnesia|p1a: Snorlax
|-boost|p1a: Snorlax|spd|2
|-boost|p1a: Snorlax|spa|2
|
|upkeep
|turn|51
|
|move|p2a: Snorlax|Blizzard|p1a: Snorlax
|-damage|p1a: Snorlax|240/523 par
|move|p1a: Snorlax|Reflect|p1a: Snorlax
|-fail|p1a: Snorlax
|
|upkeep
|turn|52
|
|move|p2a: Snorlax|Self-Destruct|p1a: Snorlax
|-damage|p1a: Snorlax|32/523 par
|faint|p2a: Snorlax
|
|switch|p2a: Tauros|Tauros|353/353
|turn|53
|
|switch|p1a: Alakazam|Alakazam|313/313 slp
|move|p2a: Tauros|Body Slam|p1a: Alakazam
|-damage|p1a: Alakazam|157/313 slp
|
|upkeep
|turn|54
|
|cant|p1a: Alakazam|slp
|move|p2a: Tauros|Body Slam|p1a: Alakazam
|-damage|p1a: Alakazam|2/313 slp
|
|upkeep
|turn|55
|
|-curestatus|p1a: Alakazam|slp|[msg]
|move|p2a: Tauros|Body Slam|p1a: Alakazam
|-crit|p1a: Alakazam
|-damage|p1a: Alakazam|0 fnt
|faint|p1a: Alakazam
|
|switch|p1a: Chansey|Chansey|609/703
|turn|56
|
|move|p2a: Tauros|Hyper Beam|p1a: Chansey
|-damage|p1a: Chansey|136/703
|-mustrecharge|p2a: Tauros
|move|p1a: Chansey|Thunder Wave|p2a: Tauros
|-status|p2a: Tauros|par
|
|upkeep
|turn|57
|
|move|p1a: Chansey|Reflect|p1a: Chansey
|-start|p1a: Chansey|Reflect
|cant|p2a: Tauros|recharge
|
|upkeep
|turn|58
|
|move|p1a: Chansey|Soft-Boiled|p1a: Chansey
|-heal|p1a: Chansey|487/703
|cant|p2a: Tauros|par
|
|upkeep
|turn|59
|-message|SempaiLugia forfeited.
|
|win|tonyone87
|l|☆SempaiLugia
|raw|tonyone87's rating: 1436 &rarr; <strong>1457</strong><br />(+21 for winning)
|raw|SempaiLugia's rating: 1441 &rarr; <strong>1421</strong><br />(-20 for losing)
