|j|☆ejthewolf
|j|☆ErPeris
|player|p1|ejthewolf|223
|player|p2|ErPeris|30
|teamsize|p1|6
|teamsize|p2|6
|gametype|singles
|gen|1
|tier|[Gen 1] OU
|rule|Sleep Clause Mod: Limit one foe put to sleep
|rule|Freeze Clause Mod: Limit one foe frozen
|rule|Species Clause: Limit one of each Pokémon
|rule|OHKO Clause: OHKO moves are banned
|rule|Evasion Moves Clause: Evasion moves are banned
|rule|HP Percentage Mod: HP is shown in percentages
|
|start
|switch|p1a: Alakazam|Alakazam|313/313
|switch|p2a: Starmie|Starmie|323/323
|turn|1
|c|☆ErPeris|hf :)
|c|☆ejthewolf|u2
|
|switch|p2a: Exeggutor|Exeggutor|393/393
|move|p1a: Alakazam|Thunder Wave|p2a: Exeggutor
|-status|p2a: Exeggutor|par
|
|upkeep
|turn|2
|
|move|p1a: Alakazam|Seismic Toss|p2a: Exeggutor
|-damage|p2a: Exeggutor|293/393 par
|move|p2a: Exeggutor|Sleep Powder|p1a: Alakazam
|-status|p1a: Alakazam|slp|[from] move: Sleep Powder
|
|upkeep
|turn|3
|
|switch|p2a: Snorlax|Snorlax|523/523
|cant|p1a: Alakazam|slp
|
|upkeep
|turn|4
|
|switch|p1a: Chansey|Chansey|703/703
|move|p2a: Snorlax|Body Slam|p1a: Chansey
|-damage|p1a: Chansey|412/703
|
|upkeep
|turn|5
|
|move|p1a: Chansey|Reflect|p1a: Chansey
|-start|p1a: Chansey|Reflect
|move|p2a: Snorlax|Earthquake|p1a: Chansey
|-damage|p1a: Chansey|296/703
|
|upkeep
|turn|6
|
|switch|p2a: Starmie|Starmie|323/323
|move|p1a: Chansey|Soft-Boiled|p1a: Chansey
|-heal|p1a: Chansey|647/703
|
|upkeep
|turn|7
|
|move|p2a: Starmie|Thunder Wave|p1a: Chansey
|-status|p1a: Chansey|par
|move|p1a: Chansey|Thunder Wave|p2a: Starmie
|-status|p2a: Starmie|par
|
|upkeep
|turn|8
|
|move|p2a: Starmie|Psychic|p1a: Chansey
|-damage|p1a: Chansey|546/703 par
|-unboost|p1a: Chansey|spd|1
|-unboost|p1a: Chansey|spa|1
|cant|p1a: Chansey|par
|
|upkeep
|turn|9
|
|cant|p2a: Starmie|par
|move|p1a: Chansey|Soft-Boiled|p1a: Chansey
|-heal|p1a: Chansey|703/703 par
|
|upkeep
|turn|10
|
|move|p2a: Starmie|Psychic|p1a: Chansey
|-damage|p1a: Chansey|539/703 par
|move|p1a: Chansey|Seismic Toss|p2a: Starmie
|-damage|p2a: Starmie|223/323 par
|
|upkeep
|turn|11
|
|move|p2a: Starmie|Psychic|p1a: Chansey
|-crit|p1a: Chansey
|-damage|p1a: Chansey|329/703 par
|-unboost|p1a: Chansey|spd|1
|-unboost|p1a: Chansey|spa|1
|move|p1a: Chansey|Soft-Boiled|p1a: Chansey
|-heal|p1a: Chansey|680/703 par
|
|upkeep
|turn|12
|
|switch|p1a: Alakazam|Alakazam|313/313 slp
|move|p2a: Starmie|Psychic|p1a: Alakazam
|-resisted|p1a: Alakazam
|-damage|p1a: Alakazam|269/313 slp
|-unboost|p1a: Alakazam|spd|1
|-unboost|p1a: Alakazam|spa|1
|
|upkeep
|turn|13
|
|cant|p1a: Alakazam|slp
|move|p2a: Starmie|Blizzard|p1a: Alakazam
|-damage|p1a: Alakazam|162/313 slp
|
|upkeep
|turn|14
|
|switch|p1a: Chansey|Chansey|680/703 par
|switch|p2a: Snorlax|Snorlax|523/523
|
|upkeep
|turn|15
|
|move|p2a: Snorlax|Body Slam|p1a: Chansey
|-damage|p1a: Chansey|377/703 par
|move|p1a: Chansey|Thunder Wave|p2a: Snorlax
|-status|p2a: Snorlax|par
|
|upkeep
|turn|16
|
|cant|p1a: Chansey|par
|move|p2a: Snorlax|Body Slam|p1a: Chansey
|-damage|p1a: Chansey|72/703 par
|
|upkeep
|turn|17
|
|move|p1a: Chansey|Soft-Boiled|p1a: Chansey
|-heal|p1a: Chansey|423/703 par
|move|p2a: Snorlax|Body Slam|p1a: Chansey
|-damage|p1a: Chansey|112/703 par
|
|upkeep
|turn|18
|
|move|p1a: Chansey|Soft-Boiled|p1a: Chansey
|-heal|p1a: Chansey|463/703 par
|move|p2a: Snorlax|Body Slam|p1a: Chansey
|-damage|p1a: Chansey|167/703 par
|
|upkeep
|turn|19
|
|cant|p1a: Chansey|par
|cant|p2a: Snorlax|par
|
|upkeep
|turn|20
|
|move|p1a: Chansey|Soft-Boiled|p1a: Chansey
|-heal|p1a: Chansey|518/703 par
|cant|p2a: Snorlax|par
|
|upkeep
|turn|21
|
|cant|p1a: Chansey|par
|move|p2a: Snorlax|Body Slam|p1a: Chansey
|-damage|p1a: Chansey|247/703 par
|
|upkeep
|turn|22
|
|move|p1a: Chansey|Soft-Boiled|p1a: Chansey
|-heal|p1a: Chansey|598/703 par
|move|p2a: Snorlax|Body Slam|p1a: Chansey
|-damage|p1a: Chansey|311/703 par
|
|upkeep
|turn|23
|
|move|p1a: Chansey|Soft-Boiled|p1a: Chansey
|-heal|p1a: Chansey|662/703 par
|move|p2a: Snorlax|Body Slam|p1a: Chansey
|-damage|p1a: Chansey|352/703 par
|
|upkeep
|turn|24
|
|move|p1a: Chansey|Soft-Boiled|p1a: Chansey
|-heal|p1a: Chansey|703/703 par
|move|p2a: Snorlax|Body Slam|p1a: Chansey
|-damage|p1a: Chansey|407/703 par
|
|upkeep
|turn|25
|
|cant|p1a: Chansey|par
|move|p2a: Snorlax|Body Slam|p1a: Chansey
|-crit|p1a: Chansey
|-damage|p1a: Chansey|0 fnt
|faint|p1a: Chansey
|
|switch|p1a: Snorlax|Snorlax|523/523
|turn|26
|
|move|p1a: Snorlax|Body Slam|p2a: Snorlax
|-damage|p2a: Snorlax|376/523 par
|move|p2a: Snorlax|Reflect|p2a: Snorlax
|-start|p2a: Snorlax|Reflect
|
|upkeep
|turn|27
|
|switch|p1a: Exeggutor|Exeggutor|393/393
|move|p2a: Snorlax|Body Slam|p1a: Exeggutor
|-damage|p1a: Exeggutor|268/393
|
|upkeep
|turn|28
|
|switch|p2a: Exeggutor|Exeggutor|293/393 par
|move|p1a: Exeggutor|Psychic|p2a: Exeggutor
|-crit|p2a: Exeggutor
|-resisted|p2a: Exeggutor
|-damage|p2a: Exeggutor|183/393 par
|-unboost|p2a: Exeggutor|spd|1
|-unboost|p2a: Exeggutor|spa|1
|
|upkeep
|turn|29
|
|move|p1a: Exeggutor|Hyper Beam|p2a: Exeggutor
|-damage|p2a: Exeggutor|57/393 par
|-mustrecharge|p1a: Exeggutor
|cant|p2a: Exeggutor|par
|
|upkeep
|turn|30
|
|cant|p1a: Exeggutor|recharge
|move|p2a: Exeggutor|Explosion|p1a: Exeggutor
|-damage|p1a: Exeggutor|0 fnt
|faint|p1a: Exeggutor
|faint|p2a: Exeggutor
|
|switch|p1a: Zapdos|Zapdos|383/383
|switch|p2a: Chansey|Chansey|703/703
|turn|31
|c|☆ErPeris|HIM
|c|☆ErPeris|the bird!
|
|move|p1a: Zapdos|Thunder Wave|p2a: Chansey
|-status|p2a: Chansey|par
|cant|p2a: Chansey|par
|
|upkeep
|turn|32
|c|☆ejthewolf|the legendary lighting birb
|
|switch|p1a: Snorlax|Snorlax|523/523
|cant|p2a: Chansey|par
|
|upkeep
|turn|33
|
|move|p1a: Snorlax|Body Slam|p2a: Chansey
|-damage|p2a: Chansey|408/703 par
|move|p2a: Chansey|Reflect|p2a: Chansey
|-start|p2a: Chansey|Reflect
|
|upkeep
|turn|34
|
|move|p1a: Snorlax|Body Slam|p2a: Chansey
|-damage|p2a: Chansey|258/703 par
|move|p2a: Chansey|Thunder Wave|p1a: Snorlax
|-status|p1a: Snorlax|par
|
|upkeep
|turn|35
|
|move|p2a: Chansey|Soft-Boiled|p2a: Chansey
|-heal|p2a: Chansey|609/703 par
|move|p1a: Snorlax|Body Slam|p2a: Chansey
|-damage|p2a: Chansey|465/703 par
|
|upkeep
|turn|36
|
|move|p2a: Chansey|Soft-Boiled|p2a: Chansey
|-heal|p2a: Chansey|703/703 par
|move|p1a: Snorlax|Body Slam|p2a: Chansey
|-damage|p2a: Chansey|552/703 par
|
|upkeep
|turn|37
|
|move|p2a: Chansey|Seismic Toss|p1a: Snorlax
|-damage|p1a: Snorlax|423/523 par
|move|p1a: Snorlax|Body Slam|p2a: Chansey
|-damage|p2a: Chansey|401/703 par
|
|upkeep
|turn|38
|
|move|p2a: Chansey|Soft-Boiled|p2a: Chansey
|-heal|p2a: Chansey|703/703 par
|move|p1a: Snorlax|Body Slam|p2a: Chansey
|-damage|p2a: Chansey|563/703 par
|
|upkeep
|turn|39
|
|cant|p2a: Chansey|par
|move|p1a: Snorlax|Body Slam|p2a: Chansey
|-damage|p2a: Chansey|412/703 par
|
|upkeep
|turn|40
|
|move|p2a: Chansey|Soft-Boiled|p2a: Chansey
|-heal|p2a: Chansey|703/703 par
|move|p1a: Snorlax|Body Slam|p2a: Chansey
|-damage|p2a: Chansey|553/703 par
|
|upkeep
|turn|41
|
|move|p2a: Chansey|Seismic Toss|p1a: Snorlax
|-damage|p1a: Snorlax|323/523 par
|cant|p1a: Snorlax|par
|
|upkeep
|turn|42
|
|move|p2a: Chansey|Seismic Toss|p1a: Snorlax
|-damage|p1a: Snorlax|223/523 par
|move|p1a: Snorlax|Self-Destruct|p2a: Chansey
|-damage|p2a: Chansey|142/703 par
|faint|p1a: Snorlax
|
|switch|p1a: Tauros|Tauros|353/353
|turn|43
|
|move|p1a: Tauros|Hyper Beam|p2a: Chansey
|-damage|p2a: Chansey|0 fnt
|faint|p2a: Chansey
|
|switch|p2a: Starmie|Starmie|223/323 par
|turn|44
|
|move|p1a: Tauros|Hyper Beam|p2a: Starmie
|-damage|p2a: Starmie|25/323 par
|-mustrecharge|p1a: Tauros
|move|p2a: Starmie|Thunder Wave|p1a: Tauros
|-status|p1a: Tauros|par
|
|upkeep
|turn|45
|
|move|p2a: Starmie|Psychic|p1a: Tauros
|-damage|p1a: Tauros|216/353 par
|cant|p1a: Tauros|recharge
|
|upkeep
|turn|46
|
|move|p2a: Starmie|Psychic|p1a: Tauros
|-damage|p1a: Tauros|83/353 par
|move|p1a: Tauros|Body Slam|p2a: Starmie
|-damage|p2a: Starmie|0 fnt
|faint|p2a: Starmie
|
|switch|p2a: Tauros|Tauros|353/353
|turn|47
|
|move|p2a: Tauros|Body Slam|p1a: Tauros
|-crit|p1a: Tauros
|-damage|p1a: Tauros|0 fnt
|faint|p1a: Tauros
|
|switch|p1a: Zapdos|Zapdos|383/383
|turn|48
|
|move|p2a: Tauros|Body Slam|p1a: Zapdos
|-damage|p1a: Zapdos|276/383
|move|p1a: Zapdos|Thunder Wave|p2a: Tauros
|-status|p2a: Tauros|par
|
|upkeep
|turn|49
|
|move|p1a: Zapdos|Thunderbolt|p2a: Tauros
|-damage|p2a: Tauros|195/353 par
|move|p2a: Tauros|Body Slam|p1a: Zapdos
|-damage|p1a: Zapdos|161/383
|-status|p1a: Zapdos|par
|
|upkeep
|turn|50
|
|move|p2a: Tauros|Hyper Beam|p1a: Zapdos
|-damage|p1a: Zapdos|0 fnt
|faint|p1a: Zapdos
|-message|ejthewolf forfeited.
|
|win|ErPeris
|c|☆ejthewolf|gg
|l|☆ejthewolf
|c|☆ErPeris|gg
