|j|☆awiec
|j|☆RED-PBI
|player|p1|awiec|18
|player|p2|RED-PBI|163
|teamsize|p1|6
|teamsize|p2|6
|gametype|singles
|gen|1
|tier|[Gen 1] OU
|rule|Sleep Clause Mod: Limit one foe put to sleep
|rule|Freeze Clause Mod: Limit one foe frozen
|rule|Species Clause: Limit one of each Pokémon
|rule|OHKO Clause: OHKO moves are banned
|rule|Evasion Moves Clause: Evasion moves are banned
|rule|HP Percentage Mod: HP is shown in percentages
|
|start
|switch|p1a: Gar|Gengar, L50|166/166
|switch|p2a: Venusaur|Venusaur, L84|306/306
|turn|1
|c|☆RED-PBI|....
|
|switch|p1a: Tesla|Zapdos, L50|196/196
|move|p2a: Venusaur|Leech Seed|p1a: Tesla|[miss]
|-miss|p2a: Venusaur
|
|upkeep
|turn|2
|c|☆awiec|...
|
|move|p2a: Venusaur|Leech Seed|p1a: Tesla
|-start|p1a: Tesla|move: Leech Seed
|move|p1a: Tesla|Thunder Wave|p2a: Venusaur
|-status|p2a: Venusaur|par
|-damage|p1a: Tesla|184/196|[from] Leech Seed|[of] p2a: Venusaur
|
|upkeep
|turn|3
|
|switch|p1a: Palm|Exeggutor, L50|201/201
|cant|p2a: Venusaur|par
|
|upkeep
|turn|4
|
|move|p1a: Palm|Psychic|p2a: Venusaur
|-supereffective|p2a: Venusaur
|-damage|p2a: Venusaur|232/306 par
|move|p2a: Venusaur|Toxic|p1a: Palm|[miss]
|-miss|p2a: Venusaur
|
|upkeep
|turn|5
|
|move|p1a: Palm|Psychic|p2a: Venusaur
|-supereffective|p2a: Venusaur
|-damage|p2a: Venusaur|157/306 par
|-unboost|p2a: Venusaur|spd|1
|-unboost|p2a: Venusaur|spa|1
|move|p2a: Venusaur|Toxic|p1a: Palm|[miss]
|-miss|p2a: Venusaur
|
|upkeep
|turn|6
|
|switch|p2a: Snorlax|Snorlax, L82|419/419
|move|p1a: Palm|Psychic|p2a: Snorlax
|-damage|p2a: Snorlax|332/419
|-unboost|p2a: Snorlax|spd|1
|-unboost|p2a: Snorlax|spa|1
|
|upkeep
|turn|7
|
|move|p1a: Palm|Sleep Powder|p2a: Snorlax|[miss]
|-miss|p1a: Palm
|move|p2a: Snorlax|Earthquake|p1a: Palm
|-resisted|p1a: Palm
|-damage|p1a: Palm|143/201
|
|upkeep
|turn|8
|
|move|p1a: Palm|Mega Drain|p2a: Snorlax
|-damage|p2a: Snorlax|276/419
|-heal|p1a: Palm|171/201|[from] drain|[of] p2a: Snorlax
|move|p2a: Snorlax|Body Slam|p1a: Palm
|-damage|p1a: Palm|5/201
|
|upkeep
|turn|9
|
|move|p1a: Palm|Explosion|p2a: Snorlax
|-damage|p2a: Snorlax|95/419
|faint|p1a: Palm
|
|switch|p1a: Moo|Tauros, L50|181/181
|turn|10
|
|move|p1a: Moo|Hyper Beam|p2a: Snorlax
|-crit|p2a: Snorlax
|-damage|p2a: Snorlax|0 fnt
|faint|p2a: Snorlax
|
|switch|p2a: Blastoise|Blastoise, L84|301/301
|turn|11
|
|move|p1a: Moo|Body Slam|p2a: Blastoise
|-damage|p2a: Blastoise|268/301
|-status|p2a: Blastoise|par
|move|p2a: Blastoise|Skull Bash||[still]
|-prepare|p2a: Blastoise|Skull Bash|p1a: Moo
|
|upkeep
|turn|12
|
|switch|p1a: Gar|Gengar, L50|166/166
|move|p2a: Blastoise|Skull Bash|p1a: Gar|[from]Skull Bash
|-immune|p1a: Gar
|
|upkeep
|turn|13
|
|move|p1a: Gar|Mega Drain|p2a: Blastoise
|-supereffective|p2a: Blastoise
|-damage|p2a: Blastoise|238/301 par
|move|p2a: Blastoise|Hydro Pump|p1a: Gar|[miss]
|-miss|p2a: Blastoise
|
|upkeep
|turn|14
|
|move|p1a: Gar|Thunderbolt|p2a: Blastoise
|-supereffective|p2a: Blastoise
|-damage|p2a: Blastoise|170/301 par
|move|p2a: Blastoise|Hydro Pump|p1a: Gar
|-damage|p1a: Gar|21/166
|
|upkeep
|turn|15
|
|switch|p1a: Tesla|Zapdos, L50|184/196
|switch|p2a: Venusaur|Venusaur, L84|157/306 par
|
|upkeep
|turn|16
|
|move|p1a: Tesla|Drill Peck|p2a: Venusaur
|-crit|p2a: Venusaur
|-supereffective|p2a: Venusaur
|-damage|p2a: Venusaur|27/306 par
|cant|p2a: Venusaur|par
|
|upkeep
|turn|17
|
|move|p1a: Tesla|Drill Peck|p2a: Venusaur
|-crit|p2a: Venusaur
|-supereffective|p2a: Venusaur
|-damage|p2a: Venusaur|0 fnt
|faint|p2a: Venusaur
|
|switch|p2a: Charizard|Charizard, L84|303/303
|turn|18
|
|move|p2a: Charizard|Fire Blast|p1a: Tesla
|-damage|p1a: Tesla|45/196
|move|p1a: Tesla|Thunder Wave|p2a: Charizard
|-status|p2a: Charizard|par
|
|upkeep
|turn|19
|
|switch|p1a: Brah|Slowbro, L50|201/201
|cant|p2a: Charizard|par
|
|upkeep
|turn|20
|
|switch|p2a: Pikachu|Pikachu, L88|241/241
|move|p1a: Brah|Amnesia|p1a: Brah
|-boost|p1a: Brah|spd|2
|-boost|p1a: Brah|spa|2
|
|upkeep
|turn|21
|
|move|p2a: Pikachu|Thunderbolt|p1a: Brah
|-crit|p1a: Brah
|-supereffective|p1a: Brah
|-damage|p1a: Brah|0 fnt
|faint|p1a: Brah
|
|switch|p1a: Donny|Rhydon, L50|211/211
|turn|22
|j| BewareOfBidoof
|
|move|p2a: Pikachu|Surf|p1a: Donny
|-supereffective|p1a: Donny
|-damage|p1a: Donny|0 fnt
|faint|p1a: Donny
|
|switch|p1a: Moo|Tauros, L50|181/181
|turn|23
|l| BewareOfBidoof
|
|move|p2a: Pikachu|Thunder Wave|p1a: Moo
|-status|p1a: Moo|par
|move|p1a: Moo|Hyper Beam|p2a: Pikachu
|-damage|p2a: Pikachu|141/241
|-mustrecharge|p1a: Moo
|
|upkeep
|turn|24
|
|move|p2a: Pikachu|Thunderbolt|p1a: Moo
|-damage|p1a: Moo|48/181 par
|cant|p1a: Moo|recharge
|
|upkeep
|turn|25
|
|move|p2a: Pikachu|Thunderbolt|p1a: Moo
|-damage|p1a: Moo|0 fnt
|faint|p1a: Moo
|
|switch|p1a: Gar|Gengar, L50|21/166
|turn|26
|
|switch|p2a: Charizard|Charizard, L84|303/303 par
|move|p1a: Gar|Explosion|p2a: Charizard
|-damage|p2a: Charizard|224/303 par
|faint|p1a: Gar
|
|switch|p1a: Tesla|Zapdos, L50|45/196
|turn|27
|
|move|p1a: Tesla|Thunderbolt|p2a: Charizard
|-crit|p2a: Charizard
|-supereffective|p2a: Charizard
|-damage|p2a: Charizard|52/303 par
|cant|p2a: Charizard|par
|
|upkeep
|turn|28
|
|switch|p2a: Pikachu|Pikachu, L88|141/241
|move|p1a: Tesla|Thunderbolt|p2a: Pikachu
|-resisted|p2a: Pikachu
|-damage|p2a: Pikachu|110/241
|
|upkeep
|turn|29
|
|move|p2a: Pikachu|Thunderbolt|p1a: Tesla
|-crit|p1a: Tesla
|-damage|p1a: Tesla|0 fnt
|faint|p1a: Tesla
|
|win|RED-PBI
|c|☆awiec|gg
|l|☆awiec
|c|☆RED-PBI|... *nods*
