|j|☆tonyone87
|j|☆NoobWannabeSucks
|player|p1|tonyone87|162
|player|p2|NoobWannabeSucks|167
|teamsize|p1|6
|teamsize|p2|6
|gametype|singles
|gen|1
|tier|[Gen 1] OU
|rated|
|rule|Sleep Clause Mod: Limit one foe put to sleep
|rule|Freeze Clause Mod: Limit one foe frozen
|rule|Species Clause: Limit one of each Pokémon
|rule|OHKO Clause: OHKO moves are banned
|rule|Evasion Moves Clause: Evasion moves are banned
|rule|HP Percentage Mod: HP is shown in percentages
|
|start
|switch|p1a: Jynx|Jynx|333/333
|switch|p2a: Starmie|Starmie|323/323
|turn|1
|inactive|Battle timer is ON: inactive players will automatically lose when time's up. (requested by NoobWannabeSucks)
|
|switch|p1a: Chansey|Chansey|703/703
|move|p2a: Starmie|Thunder Wave|p1a: Chansey
|-status|p1a: Chansey|par
|
|upkeep
|turn|2
|
|switch|p2a: Snorlax|Snorlax|523/523
|switch|p1a: Jynx|Jynx|333/333
|
|upkeep
|turn|3
|
|switch|p2a: Starmie|Starmie|323/323
|move|p1a: Jynx|Lovely Kiss|p2a: Starmie
|-status|p2a: Starmie|slp|[from] move: Lovely Kiss
|
|upkeep
|turn|4
|
|switch|p2a: Snorlax|Snorlax|523/523
|switch|p1a: Tauros|Tauros|353/353
|
|upkeep
|turn|5
|
|switch|p1a: Snorlax|Snorlax|523/523
|move|p2a: Snorlax|Reflect|p2a: Snorlax
|-start|p2a: Snorlax|Reflect
|
|upkeep
|turn|6
|
|move|p2a: Snorlax|Earthquake|p1a: Snorlax
|-damage|p1a: Snorlax|421/523
|move|p1a: Snorlax|Reflect|p1a: Snorlax
|-start|p1a: Snorlax|Reflect
|
|upkeep
|turn|7
|
|switch|p2a: Exeggutor|Exeggutor|393/393
|move|p1a: Snorlax|Amnesia|p1a: Snorlax
|-boost|p1a: Snorlax|spd|2
|-boost|p1a: Snorlax|spa|2
|
|upkeep
|turn|8
|
|switch|p1a: Chansey|Chansey|703/703 par
|move|p2a: Exeggutor|Sleep Powder|p1a: Chansey|[miss]
|-miss|p2a: Exeggutor
|
|upkeep
|turn|9
|
|move|p2a: Exeggutor|Explosion|p1a: Chansey
|-damage|p1a: Chansey|0 fnt
|faint|p1a: Chansey
|faint|p2a: Exeggutor
|
|switch|p2a: Chansey|Chansey|703/703
|switch|p1a: Snorlax|Snorlax|421/523
|turn|10
|
|move|p2a: Chansey|Thunder Wave|p1a: Snorlax
|-status|p1a: Snorlax|par
|move|p1a: Snorlax|Amnesia|p1a: Snorlax
|-boost|p1a: Snorlax|spd|2
|-boost|p1a: Snorlax|spa|2
|
|upkeep
|turn|11
|
|move|p2a: Chansey|Seismic Toss|p1a: Snorlax
|-damage|p1a: Snorlax|321/523 par
|move|p1a: Snorlax|Reflect|p1a: Snorlax
|-start|p1a: Snorlax|Reflect
|
|upkeep
|turn|12
|
|move|p2a: Chansey|Seismic Toss|p1a: Snorlax
|-damage|p1a: Snorlax|221/523 par
|move|p1a: Snorlax|Amnesia|p1a: Snorlax
|-boost|p1a: Snorlax|spd|2
|-boost|p1a: Snorlax|spa|2
|
|upkeep
|turn|13
|
|move|p2a: Chansey|Seismic Toss|p1a: Snorlax
|-damage|p1a: Snorlax|121/523 par
|move|p1a: Snorlax|Rest|p1a: Snorlax
|-status|p1a: Snorlax|slp|[from] move: Rest
|-heal|p1a: Snorlax|523/523 slp|[silent]
|
|upkeep
|turn|14
|
|move|p2a: Chansey|Seismic Toss|p1a: Snorlax
|-damage|p1a: Snorlax|423/523 slp
|cant|p1a: Snorlax|slp
|
|upkeep
|turn|15
|
|move|p2a: Chansey|Seismic Toss|p1a: Snorlax
|-damage|p1a: Snorlax|323/523 slp
|-curestatus|p1a: Snorlax|slp|[msg]
|
|upkeep
|turn|16
|
|move|p2a: Chansey|Thunder Wave|p1a: Snorlax
|-status|p1a: Snorlax|par
|cant|p1a: Snorlax|par
|
|upkeep
|turn|17
|
|move|p2a: Chansey|Seismic Toss|p1a: Snorlax
|-damage|p1a: Snorlax|223/523 par
|move|p1a: Snorlax|Amnesia|p1a: Snorlax
|-boost|p1a: Snorlax|spd|2
|-boost|p1a: Snorlax|spa|2
|
|upkeep
|turn|18
|
|move|p2a: Chansey|Seismic Toss|p1a: Snorlax
|-damage|p1a: Snorlax|123/523 par
|move|p1a: Snorlax|Rest|p1a: Snorlax
|-status|p1a: Snorlax|slp|[from] move: Rest
|-heal|p1a: Snorlax|523/523 slp|[silent]
|
|upkeep
|turn|19
|
|move|p2a: Chansey|Seismic Toss|p1a: Snorlax
|-damage|p1a: Snorlax|423/523 slp
|cant|p1a: Snorlax|slp
|
|upkeep
|turn|20
|
|move|p2a: Chansey|Seismic Toss|p1a: Snorlax
|-damage|p1a: Snorlax|323/523 slp
|-curestatus|p1a: Snorlax|slp|[msg]
|
|upkeep
|turn|21
|
|move|p2a: Chansey|Thunder Wave|p1a: Snorlax
|-status|p1a: Snorlax|par
|move|p1a: Snorlax|Ice Beam|p2a: Chansey
|-damage|p2a: Chansey|476/703
|
|upkeep
|turn|22
|
|move|p2a: Chansey|Seismic Toss|p1a: Snorlax
|-damage|p1a: Snorlax|223/523 par
|move|p1a: Snorlax|Ice Beam|p2a: Chansey
|-damage|p2a: Chansey|250/703
|
|upkeep
|turn|23
|
|move|p2a: Chansey|Soft-Boiled|p2a: Chansey
|-heal|p2a: Chansey|601/703
|move|p1a: Snorlax|Rest|p1a: Snorlax
|-status|p1a: Snorlax|slp|[from] move: Rest
|-heal|p1a: Snorlax|523/523 slp|[silent]
|
|upkeep
|turn|24
|
|move|p2a: Chansey|Seismic Toss|p1a: Snorlax
|-damage|p1a: Snorlax|423/523 slp
|cant|p1a: Snorlax|slp
|
|upkeep
|turn|25
|
|move|p2a: Chansey|Seismic Toss|p1a: Snorlax
|-damage|p1a: Snorlax|323/523 slp
|-curestatus|p1a: Snorlax|slp|[msg]
|
|upkeep
|turn|26
|
|move|p2a: Chansey|Thunder Wave|p1a: Snorlax
|-status|p1a: Snorlax|par
|move|p1a: Snorlax|Ice Beam|p2a: Chansey
|-damage|p2a: Chansey|371/703
|
|upkeep
|turn|27
|
|move|p2a: Chansey|Soft-Boiled|p2a: Chansey
|-heal|p2a: Chansey|703/703
|move|p1a: Snorlax|Ice Beam|p2a: Chansey
|-damage|p2a: Chansey|498/703
|
|upkeep
|turn|28
|
|move|p2a: Chansey|Seismic Toss|p1a: Snorlax
|-damage|p1a: Snorlax|223/523 par
|cant|p1a: Snorlax|par
|
|upkeep
|turn|29
|
|move|p2a: Chansey|Seismic Toss|p1a: Snorlax
|-damage|p1a: Snorlax|123/523 par
|cant|p1a: Snorlax|par
|
|upkeep
|turn|30
|
|move|p2a: Chansey|Seismic Toss|p1a: Snorlax
|-damage|p1a: Snorlax|23/523 par
|move|p1a: Snorlax|Rest|p1a: Snorlax
|-status|p1a: Snorlax|slp|[from] move: Rest
|-heal|p1a: Snorlax|523/523 slp|[silent]
|
|upkeep
|turn|31
|
|move|p2a: Chansey|Seismic Toss|p1a: Snorlax
|-damage|p1a: Snorlax|423/523 slp
|cant|p1a: Snorlax|slp
|
|upkeep
|turn|32
|
|move|p2a: Chansey|Seismic Toss|p1a: Snorlax
|-damage|p1a: Snorlax|323/523 slp
|-curestatus|p1a: Snorlax|slp|[msg]
|
|upkeep
|turn|33
|
|move|p2a: Chansey|Seismic Toss|p1a: Snorlax
|-damage|p1a: Snorlax|223/523
|move|p1a: Snorlax|Ice Beam|p2a: Chansey
|-damage|p2a: Chansey|277/703
|
|upkeep
|turn|34
|
|move|p2a: Chansey|Soft-Boiled|p2a: Chansey
|-heal|p2a: Chansey|628/703
|move|p1a: Snorlax|Rest|p1a: Snorlax
|-status|p1a: Snorlax|slp|[from] move: Rest
|-heal|p1a: Snorlax|523/523 slp|[silent]
|
|upkeep
|turn|35
|
|move|p2a: Chansey|Seismic Toss|p1a: Snorlax
|-damage|p1a: Snorlax|423/523 slp
|cant|p1a: Snorlax|slp
|
|upkeep
|turn|36
|
|move|p2a: Chansey|Seismic Toss|p1a: Snorlax
|-damage|p1a: Snorlax|323/523 slp
|-curestatus|p1a: Snorlax|slp|[msg]
|
|upkeep
|turn|37
|
|move|p2a: Chansey|Thunder Wave|p1a: Snorlax
|-status|p1a: Snorlax|par
|cant|p1a: Snorlax|par
|
|upkeep
|turn|38
|
|move|p2a: Chansey|Seismic Toss|p1a: Snorlax
|-damage|p1a: Snorlax|223/523 par
|move|p1a: Snorlax|Rest|p1a: Snorlax
|-status|p1a: Snorlax|slp|[from] move: Rest
|-heal|p1a: Snorlax|523/523 slp|[silent]
|
|upkeep
|turn|39
|
|move|p2a: Chansey|Seismic Toss|p1a: Snorlax
|-damage|p1a: Snorlax|423/523 slp
|cant|p1a: Snorlax|slp
|
|upkeep
|turn|40
|
|move|p2a: Chansey|Seismic Toss|p1a: Snorlax
|-damage|p1a: Snorlax|323/523 slp
|-curestatus|p1a: Snorlax|slp|[msg]
|
|upkeep
|turn|41
|
|move|p2a: Chansey|Thunder Wave|p1a: Snorlax
|-status|p1a: Snorlax|par
|move|p1a: Snorlax|Ice Beam|p2a: Chansey
|-damage|p2a: Chansey|398/703
|
|upkeep
|turn|42
|
|move|p2a: Chansey|Soft-Boiled|p2a: Chansey
|-heal|p2a: Chansey|703/703
|move|p1a: Snorlax|Rest|p1a: Snorlax
|-status|p1a: Snorlax|slp|[from] move: Rest
|-heal|p1a: Snorlax|523/523 slp|[silent]
|
|upkeep
|turn|43
|
|move|p2a: Chansey|Reflect|p2a: Chansey
|-start|p2a: Chansey|Reflect
|cant|p1a: Snorlax|slp
|
|upkeep
|turn|44
|
|move|p2a: Chansey|Reflect|p2a: Chansey
|-fail|p2a: Chansey
|-curestatus|p1a: Snorlax|slp|[msg]
|
|upkeep
|turn|45
|
|move|p2a: Chansey|Thunder Wave|p1a: Snorlax
|-status|p1a: Snorlax|par
|move|p1a: Snorlax|Ice Beam|p2a: Chansey
|-damage|p2a: Chansey|489/703
|
|upkeep
|turn|46
|
|move|p2a: Chansey|Reflect|p2a: Chansey
|-fail|p2a: Chansey
|move|p1a: Snorlax|Ice Beam|p2a: Chansey
|-damage|p2a: Chansey|270/703
|-status|p2a: Chansey|frz
|
|upkeep
|turn|47
|
|switch|p2a: Starmie|Starmie|323/323 slp
|move|p1a: Snorlax|Reflect|p1a: Snorlax
|-fail|p1a: Snorlax
|
|upkeep
|turn|48
|
|switch|p2a: Chansey|Chansey|270/703 frz
|switch|p1a: Tauros|Tauros|353/353
|
|upkeep
|turn|49
|
|move|p1a: Tauros|Body Slam|p2a: Chansey
|-damage|p2a: Chansey|0 fnt
|faint|p2a: Chansey
|
|switch|p2a: Snorlax|Snorlax|523/523
|turn|50
|
|switch|p1a: Snorlax|Snorlax|523/523 par
|move|p2a: Snorlax|Reflect|p2a: Snorlax
|-start|p2a: Snorlax|Reflect
|
|upkeep
|turn|51
|
|move|p2a: Snorlax|Body Slam|p1a: Snorlax
|-crit|p1a: Snorlax
|-damage|p1a: Snorlax|243/523 par
|move|p1a: Snorlax|Reflect|p1a: Snorlax
|-start|p1a: Snorlax|Reflect
|
|upkeep
|turn|52
|
|move|p2a: Snorlax|Body Slam|p1a: Snorlax
|-crit|p1a: Snorlax
|-damage|p1a: Snorlax|0 fnt
|faint|p1a: Snorlax
|
|switch|p1a: Slowbro|Slowbro|393/393
|turn|53
|
|move|p2a: Snorlax|Body Slam|p1a: Slowbro
|-damage|p1a: Slowbro|287/393
|move|p1a: Slowbro|Thunder Wave|p2a: Snorlax
|-status|p2a: Snorlax|par
|
|upkeep
|turn|54
|
|move|p1a: Slowbro|Amnesia|p1a: Slowbro
|-boost|p1a: Slowbro|spd|2
|-boost|p1a: Slowbro|spa|2
|move|p2a: Snorlax|Body Slam|p1a: Slowbro
|-damage|p1a: Slowbro|183/393
|-status|p1a: Slowbro|par
|
|upkeep
|turn|55
|
|move|p1a: Slowbro|Rest|p1a: Slowbro
|-status|p1a: Slowbro|slp|[from] move: Rest
|-heal|p1a: Slowbro|393/393 slp|[silent]
|move|p2a: Snorlax|Body Slam|p1a: Slowbro
|-damage|p1a: Slowbro|293/393 slp
|
|upkeep
|turn|56
|
|cant|p1a: Slowbro|slp
|move|p2a: Snorlax|Body Slam|p1a: Slowbro
|-damage|p1a: Slowbro|188/393 slp
|
|upkeep
|turn|57
|
|-curestatus|p1a: Slowbro|slp|[msg]
|cant|p2a: Snorlax|par
|
|upkeep
|turn|58
|
|move|p1a: Slowbro|Surf|p2a: Snorlax
|-damage|p2a: Snorlax|289/523 par
|move|p2a: Snorlax|Body Slam|p1a: Slowbro
|-damage|p1a: Slowbro|85/393
|
|upkeep
|turn|59
|
|move|p1a: Slowbro|Rest|p1a: Slowbro
|-status|p1a: Slowbro|slp|[from] move: Rest
|-heal|p1a: Slowbro|393/393 slp|[silent]
|move|p2a: Snorlax|Body Slam|p1a: Slowbro
|-damage|p1a: Slowbro|299/393 slp
|
|upkeep
|turn|60
|
|cant|p1a: Slowbro|slp
|move|p2a: Snorlax|Rest|p2a: Snorlax
|-status|p2a: Snorlax|slp|[from] move: Rest
|-heal|p2a: Snorlax|523/523 slp|[silent]
|
|upkeep
|turn|61
|
|switch|p2a: Starmie|Starmie|323/323 slp
|-curestatus|p1a: Slowbro|slp|[msg]
|
|upkeep
|turn|62
|
|cant|p2a: Starmie|slp
|move|p1a: Slowbro|Amnesia|p1a: Slowbro
|-boost|p1a: Slowbro|spd|2
|-boost|p1a: Slowbro|spa|2
|
|upkeep
|turn|63
|
|-curestatus|p2a: Starmie|slp|[msg]
|move|p1a: Slowbro|Amnesia|p1a: Slowbro
|-boost|p1a: Slowbro|spd|2
|-boost|p1a: Slowbro|spa|2
|
|upkeep
|turn|64
|
|move|p2a: Starmie|Thunderbolt|p1a: Slowbro
|-supereffective|p1a: Slowbro
|-damage|p1a: Slowbro|251/393
|-status|p1a: Slowbro|par
|move|p1a: Slowbro|Thunder Wave|p2a: Starmie
|-status|p2a: Starmie|par
|
|upkeep
|turn|65
|
|move|p2a: Starmie|Thunderbolt|p1a: Slowbro
|-crit|p1a: Slowbro
|-supereffective|p1a: Slowbro
|-damage|p1a: Slowbro|0 fnt
|faint|p1a: Slowbro
|
|switch|p1a: Alakazam|Alakazam|313/313
|turn|66
|
|move|p1a: Alakazam|Seismic Toss|p2a: Starmie
|-damage|p2a: Starmie|223/323 par
|cant|p2a: Starmie|par
|
|upkeep
|turn|67
|
|move|p1a: Alakazam|Seismic Toss|p2a: Starmie
|-damage|p2a: Starmie|123/323 par
|move|p2a: Starmie|Recover|p2a: Starmie
|-heal|p2a: Starmie|284/323 par
|
|upkeep
|turn|68
|
|move|p1a: Alakazam|Seismic Toss|p2a: Starmie
|-damage|p2a: Starmie|184/323 par
|move|p2a: Starmie|Thunder Wave|p1a: Alakazam
|-status|p1a: Alakazam|par
|
|upkeep
|turn|69
|
|move|p1a: Alakazam|Seismic Toss|p2a: Starmie
|-damage|p2a: Starmie|84/323 par
|cant|p2a: Starmie|par
|
|upkeep
|turn|70
|
|move|p1a: Alakazam|Seismic Toss|p2a: Starmie
|-damage|p2a: Starmie|0 fnt
|faint|p2a: Starmie
|
|switch|p2a: Rhydon|Rhydon|413/413
|turn|71
|
|move|p2a: Rhydon|Earthquake|p1a: Alakazam
|-damage|p1a: Alakazam|89/313 par
|move|p1a: Alakazam|Psychic|p2a: Rhydon
|-crit|p2a: Rhydon
|-damage|p2a: Rhydon|0 fnt
|faint|p2a: Rhydon
|
|switch|p2a: Tauros|Tauros|353/353
|turn|72
|
|move|p2a: Tauros|Body Slam|p1a: Alakazam
|-crit|p1a: Alakazam
|-damage|p1a: Alakazam|0 fnt
|faint|p1a: Alakazam
|
|switch|p1a: Jynx|Jynx|333/333
|turn|73
|
|switch|p2a: Snorlax|Snorlax|523/523 slp
|move|p1a: Jynx|Lovely Kiss|p2a: Snorlax
|-fail|p2a: Snorlax|slp
|
|upkeep
|turn|74
|
|move|p1a: Jynx|Psychic|p2a: Snorlax
|-damage|p2a: Snorlax|390/523 slp
|cant|p2a: Snorlax|slp
|
|upkeep
|turn|75
|
|move|p1a: Jynx|Psychic|p2a: Snorlax
|-damage|p2a: Snorlax|260/523 slp
|-unboost|p2a: Snorlax|spd|1
|-unboost|p2a: Snorlax|spa|1
|-curestatus|p2a: Snorlax|slp|[msg]
|
|upkeep
|turn|76
|
|move|p1a: Jynx|Lovely Kiss|p2a: Snorlax
|-status|p2a: Snorlax|slp|[from] move: Lovely Kiss
|cant|p2a: Snorlax|slp
|
|upkeep
|turn|77
|
|switch|p2a: Tauros|Tauros|353/353
|move|p1a: Jynx|Psychic|p2a: Tauros
|-damage|p2a: Tauros|228/353
|
|upkeep
|turn|78
|
|move|p2a: Tauros|Body Slam|p1a: Jynx
|-crit|p1a: Jynx
|-damage|p1a: Jynx|0 fnt
|faint|p1a: Jynx
|
|switch|p1a: Tauros|Tauros|353/353
|turn|79
|
|move|p2a: Tauros|Body Slam|p1a: Tauros
|-damage|p1a: Tauros|256/353
|move|p1a: Tauros|Body Slam|p2a: Tauros
|-crit|p2a: Tauros
|-damage|p2a: Tauros|17/353
|
|upkeep
|turn|80
|
|switch|p2a: Snorlax|Snorlax|260/523 slp
|move|p1a: Tauros|Body Slam|p2a: Snorlax
|-crit|p2a: Snorlax
|-damage|p2a: Snorlax|15/523 slp
|
|upkeep
|turn|81
|
|move|p1a: Tauros|Body Slam|p2a: Snorlax
|-damage|p2a: Snorlax|0 fnt
|faint|p2a: Snorlax
|
|switch|p2a: Tauros|Tauros|17/353
|turn|82
|
|move|p1a: Tauros|Body Slam|p2a: Tauros
|-damage|p2a: Tauros|0 fnt
|faint|p2a: Tauros
|
|win|tonyone87
|raw|tonyone87's rating: 1462 &rarr; <strong>1472</strong><br />(+10 for winning)
|raw|NoobWannabeSucks's rating: 1264 &rarr; <strong>1252</strong><br />(-12 for losing)
