|j|☆uu driver
|j|☆tonyone87
|player|p1|uu driver|102
|player|p2|tonyone87|162
|teamsize|p1|6
|teamsize|p2|6
|gametype|singles
|gen|1
|tier|[Gen 1] OU
|rule|Sleep Clause Mod: Limit one foe put to sleep
|rule|Freeze Clause Mod: Limit one foe frozen
|rule|Species Clause: Limit one of each Pokémon
|rule|OHKO Clause: OHKO moves are banned
|rule|Evasion Moves Clause: Evasion moves are banned
|rule|HP Percentage Mod: HP is shown in percentages
|
|start
|switch|p1a: Alakazam|Alakazam|313/313
|switch|p2a: Jynx|Jynx|333/333
|turn|1
|
|switch|p2a: Chansey|Chansey|703/703
|move|p1a: Alakazam|Thunder Wave|p2a: Chansey
|-status|p2a: Chansey|par
|
|upkeep
|turn|2
|
|switch|p2a: Jynx|Jynx|333/333
|move|p1a: Alakazam|Psychic|p2a: Jynx
|-resisted|p2a: Jynx
|-damage|p2a: Jynx|263/333
|
|upkeep
|turn|3
|
|move|p1a: Alakazam|Thunder Wave|p2a: Jynx
|-status|p2a: Jynx|par
|move|p2a: Jynx|Lovely Kiss|p1a: Alakazam
|-status|p1a: Alakazam|slp|[from] move: Lovely Kiss
|
|upkeep
|turn|4
|
|switch|p1a: Cloyster|Cloyster|303/303
|switch|p2a: Tauros|Tauros|353/353
|
|upkeep
|turn|5
|
|switch|p2a: Alakazam|Alakazam|313/313
|move|p1a: Cloyster|Blizzard|p2a: Alakazam
|-damage|p2a: Alakazam|215/313
|
|upkeep
|turn|6
|
|switch|p1a: Chansey|Chansey|703/703
|move|p2a: Alakazam|Recover|p2a: Alakazam
|-heal|p2a: Alakazam|313/313
|
|upkeep
|turn|7
|
|switch|p2a: Chansey|Chansey|703/703 par
|move|p1a: Chansey|Sing|p2a: Chansey|[miss]
|-miss|p1a: Chansey
|
|upkeep
|turn|8
|
|switch|p1a: Snorlax|Snorlax|523/523
|move|p2a: Chansey|Ice Beam|p1a: Snorlax
|-damage|p1a: Snorlax|429/523
|
|upkeep
|turn|9
|
|move|p1a: Snorlax|Body Slam|p2a: Chansey
|-damage|p2a: Chansey|388/703 par
|move|p2a: Chansey|Reflect|p2a: Chansey
|-start|p2a: Chansey|Reflect
|
|upkeep
|turn|10
|
|switch|p1a: Cloyster|Cloyster|303/303
|cant|p2a: Chansey|par
|
|upkeep
|turn|11
|
|move|p1a: Cloyster|Clamp|p2a: Chansey
|-damage|p2a: Chansey|349/703 par
|cant|p2a: Chansey|partiallytrapped
|
|upkeep
|turn|12
|
|move|p1a: Cloyster|Clamp|p2a: Chansey|[from]Clamp
|-damage|p2a: Chansey|310/703 par
|cant|p2a: Chansey|partiallytrapped
|
|upkeep
|turn|13
|
|move|p1a: Cloyster|Clamp|p2a: Chansey|[from]Clamp
|-damage|p2a: Chansey|271/703 par
|cant|p2a: Chansey|partiallytrapped
|
|upkeep
|turn|14
|
|move|p1a: Cloyster|Clamp|p2a: Chansey|[miss]
|-miss|p1a: Cloyster
|move|p2a: Chansey|Thunder Wave|p1a: Cloyster
|-status|p1a: Cloyster|par
|
|upkeep
|turn|15
|
|move|p1a: Cloyster|Clamp|p2a: Chansey
|-damage|p2a: Chansey|233/703 par
|cant|p2a: Chansey|partiallytrapped
|
|upkeep
|turn|16
|
|switch|p2a: Alakazam|Alakazam|313/313
|move|p1a: Cloyster|Clamp|p2a: Alakazam
|-damage|p2a: Alakazam|281/313
|
|upkeep
|turn|17
|
|switch|p1a: Chansey|Chansey|703/703
|cant|p2a: Alakazam|partiallytrapped
|
|upkeep
|turn|18
|
|switch|p2a: Jynx|Jynx|263/333 par
|switch|p1a: Snorlax|Snorlax|429/523
|
|upkeep
|turn|19
|
|switch|p2a: Snorlax|Snorlax|523/523
|move|p1a: Snorlax|Body Slam|p2a: Snorlax
|-damage|p2a: Snorlax|392/523
|
|upkeep
|turn|20
|
|switch|p1a: Cloyster|Cloyster|303/303 par
|move|p2a: Snorlax|Reflect|p2a: Snorlax
|-start|p2a: Snorlax|Reflect
|
|upkeep
|turn|21
|
|move|p2a: Snorlax|Amnesia|p2a: Snorlax
|-boost|p2a: Snorlax|spd|2
|-boost|p2a: Snorlax|spa|2
|move|p1a: Cloyster|Blizzard|p2a: Snorlax
|-damage|p2a: Snorlax|307/523
|
|upkeep
|turn|22
|
|move|p2a: Snorlax|Amnesia|p2a: Snorlax
|-boost|p2a: Snorlax|spd|2
|-boost|p2a: Snorlax|spa|2
|move|p1a: Cloyster|Blizzard|p2a: Snorlax|[miss]
|-miss|p1a: Cloyster
|
|upkeep
|turn|23
|
|move|p2a: Snorlax|Amnesia|p2a: Snorlax
|-boost|p2a: Snorlax|spd|2
|-boost|p2a: Snorlax|spa|2
|move|p1a: Cloyster|Blizzard|p2a: Snorlax
|-damage|p2a: Snorlax|264/523
|
|upkeep
|turn|24
|
|move|p2a: Snorlax|Rest|p2a: Snorlax
|-status|p2a: Snorlax|slp|[from] move: Rest
|-heal|p2a: Snorlax|523/523 slp|[silent]
|cant|p1a: Cloyster|par
|
|upkeep
|turn|25
|
|switch|p1a: Chansey|Chansey|703/703
|cant|p2a: Snorlax|slp
|
|upkeep
|turn|26
|
|move|p1a: Chansey|Ice Beam|p2a: Snorlax
|-damage|p2a: Snorlax|496/523 slp
|-curestatus|p2a: Snorlax|slp|[msg]
|
|upkeep
|turn|27
|
|switch|p1a: Snorlax|Snorlax|429/523
|switch|p2a: Chansey|Chansey|233/703 par
|
|upkeep
|turn|28
|
|switch|p2a: Snorlax|Snorlax|496/523
|move|p1a: Snorlax|Body Slam|p2a: Snorlax
|-crit|p2a: Snorlax
|-damage|p2a: Snorlax|246/523
|
|upkeep
|turn|29
|
|move|p1a: Snorlax|Ice Beam|p2a: Snorlax
|-damage|p2a: Snorlax|171/523
|move|p2a: Snorlax|Reflect|p2a: Snorlax
|-start|p2a: Snorlax|Reflect
|
|upkeep
|turn|30
|
|move|p2a: Snorlax|Amnesia|p2a: Snorlax
|-boost|p2a: Snorlax|spd|2
|-boost|p2a: Snorlax|spa|2
|move|p1a: Snorlax|Ice Beam|p2a: Snorlax
|-damage|p2a: Snorlax|131/523
|
|upkeep
|turn|31
|
|move|p2a: Snorlax|Rest|p2a: Snorlax
|-status|p2a: Snorlax|slp|[from] move: Rest
|-heal|p2a: Snorlax|523/523 slp|[silent]
|move|p1a: Snorlax|Ice Beam|p2a: Snorlax
|-damage|p2a: Snorlax|487/523 slp
|
|upkeep
|turn|32
|
|switch|p1a: Cloyster|Cloyster|303/303 par
|cant|p2a: Snorlax|slp
|
|upkeep
|turn|33
|
|-curestatus|p2a: Snorlax|slp|[msg]
|cant|p1a: Cloyster|par
|
|upkeep
|turn|34
|
|move|p2a: Snorlax|Amnesia|p2a: Snorlax
|-boost|p2a: Snorlax|spd|2
|-boost|p2a: Snorlax|spa|2
|cant|p1a: Cloyster|par
|
|upkeep
|turn|35
|
|move|p2a: Snorlax|Ice Beam|p1a: Cloyster
|-resisted|p1a: Cloyster
|-damage|p1a: Cloyster|253/303 par
|move|p1a: Cloyster|Blizzard|p2a: Snorlax|[miss]
|-miss|p1a: Cloyster
|
|upkeep
|turn|36
|
|move|p2a: Snorlax|Amnesia|p2a: Snorlax
|-boost|p2a: Snorlax|spd|2
|-boost|p2a: Snorlax|spa|2
|move|p1a: Cloyster|Blizzard|p2a: Snorlax
|-damage|p2a: Snorlax|446/523
|-status|p2a: Snorlax|frz
|
|upkeep
|turn|37
|
|switch|p2a: Alakazam|Alakazam|281/313
|switch|p1a: Chansey|Chansey|703/703
|
|upkeep
|turn|38
|
|move|p2a: Alakazam|Psychic|p1a: Chansey
|-damage|p1a: Chansey|567/703
|move|p1a: Chansey|Sing|p2a: Alakazam
|-status|p2a: Alakazam|slp|[from] move: Sing
|
|upkeep
|turn|39
|
|switch|p1a: Snorlax|Snorlax|429/523
|cant|p2a: Alakazam|slp
|
|upkeep
|turn|40
|
|cant|p2a: Alakazam|slp
|move|p1a: Snorlax|Body Slam|p2a: Alakazam
|-crit|p2a: Alakazam
|-damage|p2a: Alakazam|0 fnt
|faint|p2a: Alakazam
|
|switch|p2a: Slowbro|Slowbro|393/393
|turn|41
|
|switch|p1a: Chansey|Chansey|567/703
|move|p2a: Slowbro|Thunder Wave|p1a: Chansey
|-status|p1a: Chansey|par
|
|upkeep
|turn|42
|
|switch|p2a: Chansey|Chansey|233/703 par
|switch|p1a: Snorlax|Snorlax|429/523
|
|upkeep
|turn|43
|c|☆tonyone87|每次猜都被你猜中啊
|c|☆tonyone87|我不跑的时候你就唱歌了
|c|☆tonyone87|心理战现在玩这么细腻
|
|switch|p2a: Slowbro|Slowbro|393/393
|move|p1a: Snorlax|Body Slam|p2a: Slowbro
|-damage|p2a: Slowbro|300/393
|
|upkeep
|turn|44
|
|switch|p1a: Chansey|Chansey|567/703 par
|move|p2a: Slowbro|Amnesia|p2a: Slowbro
|-boost|p2a: Slowbro|spd|2
|-boost|p2a: Slowbro|spa|2
|
|upkeep
|turn|45
|
|move|p2a: Slowbro|Amnesia|p2a: Slowbro
|-boost|p2a: Slowbro|spd|2
|-boost|p2a: Slowbro|spa|2
|cant|p1a: Chansey|par
|
|upkeep
|turn|46
|
|move|p2a: Slowbro|Surf|p1a: Chansey
|-damage|p1a: Chansey|285/703 par
|move|p1a: Chansey|Sing|p2a: Slowbro|[miss]
|-miss|p1a: Chansey
|
|upkeep
|turn|47
|
|move|p2a: Slowbro|Surf|p1a: Chansey
|-damage|p1a: Chansey|0 fnt
|faint|p1a: Chansey
|
|switch|p1a: Zapdos|Zapdos|383/383
|turn|48
|
|move|p1a: Zapdos|Light Screen|p1a: Zapdos
|-start|p1a: Zapdos|Light Screen
|move|p2a: Slowbro|Thunder Wave|p1a: Zapdos
|-status|p1a: Zapdos|par
|
|upkeep
|turn|49
|
|move|p2a: Slowbro|Amnesia|p2a: Slowbro
|-boost|p2a: Slowbro|spd|2
|-boost|p2a: Slowbro|spa|2
|cant|p1a: Zapdos|par
|
|upkeep
|turn|50
|
|move|p2a: Slowbro|Surf|p1a: Zapdos
|-damage|p1a: Zapdos|223/383 par
|move|p1a: Zapdos|Agility|p1a: Zapdos
|-boost|p1a: Zapdos|spe|2
|
|upkeep
|turn|51
|
|move|p1a: Zapdos|Thunderbolt|p2a: Slowbro
|-supereffective|p2a: Slowbro
|-damage|p2a: Slowbro|227/393
|move|p2a: Slowbro|Surf|p1a: Zapdos
|-damage|p1a: Zapdos|57/383 par
|
|upkeep
|turn|52
|
|move|p1a: Zapdos|Thunderbolt|p2a: Slowbro
|-supereffective|p2a: Slowbro
|-damage|p2a: Slowbro|143/393
|move|p2a: Slowbro|Surf|p1a: Zapdos
|-damage|p1a: Zapdos|0 fnt
|faint|p1a: Zapdos
|
|switch|p1a: Tauros|Tauros|353/353
|turn|53
|
|switch|p2a: Tauros|Tauros|353/353
|move|p1a: Tauros|Hyper Beam|p2a: Tauros
|-damage|p2a: Tauros|165/353
|-mustrecharge|p1a: Tauros
|
|upkeep
|turn|54
|
|cant|p1a: Tauros|recharge
|move|p2a: Tauros|Body Slam|p1a: Tauros|[miss]
|-miss|p2a: Tauros
|-hint|In Gen 1, moves with 100% accurracy can still miss 1/256 of the time.
|
|upkeep
|turn|55
|
|move|p2a: Tauros|Hyper Beam|p1a: Tauros
|-damage|p1a: Tauros|161/353
|-mustrecharge|p2a: Tauros
|move|p1a: Tauros|Hyper Beam|p2a: Tauros
|-crit|p2a: Tauros
|-damage|p2a: Tauros|0 fnt
|faint|p2a: Tauros
|
|switch|p2a: Jynx|Jynx|263/333 par
|turn|56
|
|move|p1a: Tauros|Hyper Beam|p2a: Jynx
|-damage|p2a: Jynx|0 fnt
|faint|p2a: Jynx
|
|switch|p2a: Slowbro|Slowbro|143/393
|turn|57
|
|move|p1a: Tauros|Hyper Beam|p2a: Slowbro
|-damage|p2a: Slowbro|0 fnt
|faint|p2a: Slowbro
|
|switch|p2a: Chansey|Chansey|233/703 par
|turn|58
|
|move|p1a: Tauros|Body Slam|p2a: Chansey
|-damage|p2a: Chansey|0 fnt
|faint|p2a: Chansey
|c|☆tonyone87|再来一次再来一次
|c|☆tonyone87|gg
|c|☆uu driver|gg
|-message|tonyone87 forfeited.
|
|win|uu driver
|l|☆tonyone87
