|j|☆Iamfunny
|j|☆doodles1992
|player|p1|Iamfunny|2
|player|p2|doodles1992|101
|teamsize|p1|6
|teamsize|p2|6
|gametype|singles
|gen|1
|tier|[Gen 1] OU
|rated|
|rule|Sleep Clause Mod: Limit one foe put to sleep
|rule|Freeze Clause Mod: Limit one foe frozen
|rule|Species Clause: Limit one of each Pokémon
|rule|OHKO Clause: OHKO moves are banned
|rule|Evasion Moves Clause: Evasion moves are banned
|rule|HP Percentage Mod: HP is shown in percentages
|
|start
|switch|p1a: Golem|Golem|363/363
|switch|p2a: Jynx|Jynx|333/333
|turn|1
|
|move|p1a: Golem|Rock Slide|p2a: Jynx
|-supereffective|p2a: Jynx
|-damage|p2a: Jynx|12/333
|move|p2a: Jynx|Counter|p1a: Golem
|-fail|p2a: Jynx
|
|upkeep
|turn|2
|
|switch|p2a: Exeggutor|Exeggutor|393/393
|move|p1a: Golem|Body Slam|p2a: Exeggutor
|-damage|p2a: Exeggutor|317/393
|
|upkeep
|turn|3
|inactive|Battle timer is ON: inactive players will automatically lose when time's up. (requested by Iamfunny)
|
|switch|p1a: Dragonite|Dragonite|385/385
|move|p2a: Exeggutor|Mega Drain|p1a: Dragonite
|-resisted|p1a: Dragonite
|-damage|p1a: Dragonite|371/385
|-heal|p2a: Exeggutor|324/393|[from] drain|[of] p1a: Dragonite
|
|upkeep
|turn|4
|
|switch|p2a: Zapdos|Zapdos|383/383
|move|p1a: Dragonite|Wrap|p2a: Zapdos
|-damage|p2a: Zapdos|365/383
|
|upkeep
|turn|5
|
|cant|p2a: Zapdos|partiallytrapped
|move|p1a: Dragonite|Wrap|p2a: Zapdos|[from]Wrap
|-damage|p2a: Zapdos|347/383
|
|upkeep
|turn|6
|
|cant|p2a: Zapdos|partiallytrapped
|move|p1a: Dragonite|Wrap|p2a: Zapdos|[from]Wrap
|-damage|p2a: Zapdos|329/383
|
|upkeep
|turn|7
|
|cant|p2a: Zapdos|partiallytrapped
|move|p1a: Dragonite|Wrap|p2a: Zapdos|[from]Wrap
|-damage|p2a: Zapdos|311/383
|
|upkeep
|turn|8
|
|cant|p2a: Zapdos|partiallytrapped
|move|p1a: Dragonite|Wrap|p2a: Zapdos|[from]Wrap
|-damage|p2a: Zapdos|293/383
|
|upkeep
|turn|9
|
|move|p2a: Zapdos|Thunderbolt|p1a: Dragonite
|-damage|p1a: Dragonite|232/385
|move|p1a: Dragonite|Agility|p1a: Dragonite
|-boost|p1a: Dragonite|spe|2
|
|upkeep
|turn|10
|
|move|p1a: Dragonite|Wrap|p2a: Zapdos
|-damage|p2a: Zapdos|274/383
|cant|p2a: Zapdos|partiallytrapped
|
|upkeep
|turn|11
|
|move|p1a: Dragonite|Wrap|p2a: Zapdos|[from]Wrap
|-damage|p2a: Zapdos|255/383
|cant|p2a: Zapdos|partiallytrapped
|
|upkeep
|turn|12
|
|move|p1a: Dragonite|Wrap|p2a: Zapdos
|-damage|p2a: Zapdos|238/383
|cant|p2a: Zapdos|partiallytrapped
|
|upkeep
|turn|13
|
|switch|p2a: Jolteon|Jolteon|333/333
|move|p1a: Dragonite|Wrap|p2a: Jolteon
|-damage|p2a: Jolteon|313/333
|
|upkeep
|turn|14
|
|move|p1a: Dragonite|Wrap|p2a: Jolteon|[from]Wrap
|-damage|p2a: Jolteon|293/333
|cant|p2a: Jolteon|partiallytrapped
|
|upkeep
|turn|15
|
|move|p1a: Dragonite|Wrap|p2a: Jolteon|[from]Wrap
|-damage|p2a: Jolteon|273/333
|cant|p2a: Jolteon|partiallytrapped
|
|upkeep
|turn|16
|
|move|p1a: Dragonite|Wrap|p2a: Jolteon
|-damage|p2a: Jolteon|253/333
|cant|p2a: Jolteon|partiallytrapped
|
|upkeep
|turn|17
|
|move|p1a: Dragonite|Wrap|p2a: Jolteon|[from]Wrap
|-damage|p2a: Jolteon|233/333
|cant|p2a: Jolteon|partiallytrapped
|
|upkeep
|turn|18
|
|move|p1a: Dragonite|Hyper Beam|p2a: Jolteon
|-damage|p2a: Jolteon|31/333
|-mustrecharge|p1a: Dragonite
|move|p2a: Jolteon|Thunderbolt|p1a: Dragonite
|-damage|p1a: Dragonite|106/385
|
|upkeep
|turn|19
|
|cant|p1a: Dragonite|recharge
|move|p2a: Jolteon|Thunderbolt|p1a: Dragonite
|-damage|p1a: Dragonite|0 fnt
|faint|p1a: Dragonite
|
|switch|p1a: Golem|Golem|363/363
|turn|20
|
|switch|p2a: Exeggutor|Exeggutor|324/393
|move|p1a: Golem|Rock Slide|p2a: Exeggutor
|-damage|p2a: Exeggutor|216/393
|
|upkeep
|turn|21
|
|switch|p1a: Chansey|Chansey|703/703
|move|p2a: Exeggutor|Mega Drain|p1a: Chansey
|-crit|p1a: Chansey
|-damage|p1a: Chansey|602/703
|-heal|p2a: Exeggutor|266/393|[from] drain|[of] p1a: Chansey
|
|upkeep
|turn|22
|
|move|p2a: Exeggutor|Sleep Powder|p1a: Chansey
|-status|p1a: Chansey|slp|[from] move: Sleep Powder
|cant|p1a: Chansey|slp
|
|upkeep
|turn|23
|
|move|p2a: Exeggutor|Mega Drain|p1a: Chansey
|-damage|p1a: Chansey|550/703 slp
|-heal|p2a: Exeggutor|292/393|[from] drain|[of] p1a: Chansey
|cant|p1a: Chansey|slp
|
|upkeep
|turn|24
|
|move|p2a: Exeggutor|Mega Drain|p1a: Chansey
|-damage|p1a: Chansey|494/703 slp
|-heal|p2a: Exeggutor|320/393|[from] drain|[of] p1a: Chansey
|cant|p1a: Chansey|slp
|
|upkeep
|turn|25
|
|switch|p2a: Golem|Golem|363/363
|cant|p1a: Chansey|slp
|
|upkeep
|turn|26
|inactive|Iamfunny has 120 seconds left.
|inactive|Iamfunny has 90 seconds left.
|
|switch|p1a: Golem|Golem|363/363
|move|p2a: Golem|Rock Slide|p1a: Golem
|-resisted|p1a: Golem
|-damage|p1a: Golem|327/363
|
|upkeep
|turn|27
|
|switch|p2a: Jynx|Jynx|12/333
|move|p1a: Golem|Earthquake|p2a: Jynx
|-damage|p2a: Jynx|0 fnt
|faint|p2a: Jynx
|
|switch|p2a: Starmie|Starmie|323/323
|turn|28
|
|switch|p1a: Chansey|Chansey|494/703 slp
|move|p2a: Starmie|Blizzard|p1a: Chansey
|-damage|p1a: Chansey|404/703 slp
|
|upkeep
|turn|29
|
|switch|p2a: Golem|Golem|363/363
|cant|p1a: Chansey|slp
|
|upkeep
|turn|30
|
|switch|p1a: Golem|Golem|327/363
|move|p2a: Golem|Earthquake|p1a: Golem
|-supereffective|p1a: Golem
|-damage|p1a: Golem|132/363
|
|upkeep
|turn|31
|
|move|p2a: Golem|Earthquake|p1a: Golem
|-supereffective|p1a: Golem
|-damage|p1a: Golem|0 fnt
|faint|p1a: Golem
|
|switch|p1a: Tauros|Tauros|353/353
|turn|32
|
|move|p1a: Tauros|Blizzard|p2a: Golem
|-supereffective|p2a: Golem
|-damage|p2a: Golem|136/363
|move|p2a: Golem|Earthquake|p1a: Tauros
|-damage|p1a: Tauros|216/353
|
|upkeep
|turn|33
|inactive|Iamfunny has 120 seconds left.
|
|move|p1a: Tauros|Earthquake|p2a: Golem
|-supereffective|p2a: Golem
|-damage|p2a: Golem|0 fnt
|faint|p2a: Golem
|
|switch|p2a: Jolteon|Jolteon|31/333
|turn|34
|
|switch|p1a: Chansey|Chansey|404/703 slp
|move|p2a: Jolteon|Thunderbolt|p1a: Chansey
|-damage|p1a: Chansey|296/703 slp
|
|upkeep
|turn|35
|
|move|p2a: Jolteon|Thunderbolt|p1a: Chansey
|-damage|p1a: Chansey|186/703 slp
|-curestatus|p1a: Chansey|slp|[msg]
|
|upkeep
|turn|36
|
|move|p2a: Jolteon|Thunderbolt|p1a: Chansey
|-crit|p1a: Chansey
|-damage|p1a: Chansey|0 fnt
|faint|p1a: Chansey
|
|switch|p1a: Tauros|Tauros|216/353
|turn|37
|
|move|p2a: Jolteon|Thunder Wave|p1a: Tauros
|-status|p1a: Tauros|par
|move|p1a: Tauros|Body Slam|p2a: Jolteon
|-damage|p2a: Jolteon|0 fnt
|faint|p2a: Jolteon
|
|switch|p2a: Starmie|Starmie|323/323
|turn|38
|
|move|p2a: Starmie|Blizzard|p1a: Tauros
|-damage|p1a: Tauros|96/353 par
|move|p1a: Tauros|Hyper Beam|p2a: Starmie
|-damage|p2a: Starmie|138/323
|-mustrecharge|p1a: Tauros
|
|upkeep
|turn|39
|
|move|p2a: Starmie|Thunderbolt|p1a: Tauros
|-crit|p1a: Tauros
|-damage|p1a: Tauros|0 fnt
|faint|p1a: Tauros
|
|switch|p1a: Alakazam|Alakazam|313/313
|turn|40
|
|move|p1a: Alakazam|Substitute|p1a: Alakazam
|-start|p1a: Alakazam|Substitute
|-damage|p1a: Alakazam|235/313
|move|p2a: Starmie|Thunderbolt|p1a: Alakazam
|-activate|p1a: Alakazam|Substitute|[damage]
|
|upkeep
|turn|41
|
|move|p1a: Alakazam|Psychic|p2a: Starmie
|-resisted|p2a: Starmie
|-damage|p2a: Starmie|77/323
|-unboost|p2a: Starmie|spd|1
|-unboost|p2a: Starmie|spa|1
|move|p2a: Starmie|Thunderbolt|p1a: Alakazam
|-end|p1a: Alakazam|Substitute
|
|upkeep
|turn|42
|
|switch|p2a: Exeggutor|Exeggutor|320/393
|move|p1a: Alakazam|Psychic|p2a: Exeggutor
|-resisted|p2a: Exeggutor
|-damage|p2a: Exeggutor|266/393
|-unboost|p2a: Exeggutor|spd|1
|-unboost|p2a: Exeggutor|spa|1
|
|upkeep
|turn|43
|
|move|p1a: Alakazam|Substitute|p1a: Alakazam
|-start|p1a: Alakazam|Substitute
|-damage|p1a: Alakazam|157/313
|move|p2a: Exeggutor|Explosion|p1a: Alakazam
|-crit|p1a: Alakazam
|-end|p1a: Alakazam|Substitute
|-hint|In Gen 1, the user of Explosion will not take damage if it breaks a Substitute.
|
|upkeep
|turn|44
|
|move|p1a: Alakazam|Recover|p1a: Alakazam
|-heal|p1a: Alakazam|313/313
|move|p2a: Exeggutor|Explosion|p1a: Alakazam
|-damage|p1a: Alakazam|0 fnt
|faint|p1a: Alakazam
|faint|p2a: Exeggutor
|
|switch|p1a: Slowbro|Slowbro|393/393
|switch|p2a: Starmie|Starmie|77/323
|turn|45
|
|move|p2a: Starmie|Thunderbolt|p1a: Slowbro
|-crit|p1a: Slowbro
|-supereffective|p1a: Slowbro
|-damage|p1a: Slowbro|37/393
|move|p1a: Slowbro|Psychic|p2a: Starmie
|-resisted|p2a: Starmie
|-damage|p2a: Starmie|33/323
|-unboost|p2a: Starmie|spd|1
|-unboost|p2a: Starmie|spa|1
|
|upkeep
|turn|46
|
|move|p2a: Starmie|Thunderbolt|p1a: Slowbro
|-supereffective|p1a: Slowbro
|-damage|p1a: Slowbro|0 fnt
|faint|p1a: Slowbro
|
|win|doodles1992
|c|☆doodles1992|Gg
