|j|☆Golden Bells
|j|☆7 Tools
|player|p1|Golden Bells|16
|player|p2|7 Tools|richboy-gen3
|teamsize|p1|6
|teamsize|p2|6
|gametype|singles
|gen|1
|tier|[Gen 1] OU
|rated|
|rule|Sleep Clause Mod: Limit one foe put to sleep
|rule|Freeze Clause Mod: Limit one foe frozen
|rule|Species Clause: Limit one of each Pokémon
|rule|OHKO Clause: OHKO moves are banned
|rule|Evasion Moves Clause: Evasion moves are banned
|rule|HP Percentage Mod: HP is shown in percentages
|
|start
|switch|p1a: Alakazam|Alakazam|313/313
|switch|p2a: Südstern5|Starmie|323/323
|turn|1
|
|switch|p2a: Infect4|Exeggutor|393/393
|move|p1a: Alakazam|Thunder Wave|p2a: Infect4
|-status|p2a: Infect4|par
|
|upkeep
|turn|2
|inactive|Battle timer is ON: inactive players will automatically lose when time's up. (requested by 7 Tools)
|
|move|p1a: Alakazam|Seismic Toss|p2a: Infect4
|-damage|p2a: Infect4|293/393 par
|cant|p2a: Infect4|par
|
|upkeep
|turn|3
|
|move|p1a: Alakazam|Seismic Toss|p2a: Infect4
|-damage|p2a: Infect4|193/393 par
|cant|p2a: Infect4|par
|
|upkeep
|turn|4
|
|move|p1a: Alakazam|Seismic Toss|p2a: Infect4
|-damage|p2a: Infect4|93/393 par
|cant|p2a: Infect4|par
|
|upkeep
|turn|5
|
|switch|p2a: 3Dπ3|Chansey|703/703
|move|p1a: Alakazam|Seismic Toss|p2a: 3Dπ3
|-damage|p2a: 3Dπ3|603/703
|
|upkeep
|turn|6
|
|move|p1a: Alakazam|Thunder Wave|p2a: 3Dπ3
|-status|p2a: 3Dπ3|par
|move|p2a: 3Dπ3|Thunder Wave|p1a: Alakazam
|-status|p1a: Alakazam|par
|
|upkeep
|turn|7
|
|cant|p1a: Alakazam|par
|cant|p2a: 3Dπ3|par
|
|upkeep
|turn|8
|
|move|p1a: Alakazam|Psychic|p2a: 3Dπ3
|-crit|p2a: 3Dπ3
|-damage|p2a: 3Dπ3|367/703 par
|cant|p2a: 3Dπ3|par
|
|upkeep
|turn|9
|
|move|p1a: Alakazam|Psychic|p2a: 3Dπ3
|-damage|p2a: 3Dπ3|247/703 par
|-unboost|p2a: 3Dπ3|spd|1
|-unboost|p2a: 3Dπ3|spa|1
|move|p2a: 3Dπ3|Soft-Boiled|p2a: 3Dπ3
|-heal|p2a: 3Dπ3|598/703 par
|
|upkeep
|turn|10
|
|cant|p1a: Alakazam|par
|move|p2a: 3Dπ3|Soft-Boiled|p2a: 3Dπ3
|-heal|p2a: 3Dπ3|703/703 par
|
|upkeep
|turn|11
|
|move|p1a: Alakazam|Psychic|p2a: 3Dπ3
|-damage|p2a: 3Dπ3|521/703 par
|-unboost|p2a: 3Dπ3|spd|1
|-unboost|p2a: 3Dπ3|spa|1
|move|p2a: 3Dπ3|Thunderbolt|p1a: Alakazam
|-damage|p1a: Alakazam|279/313 par
|
|upkeep
|turn|12
|
|move|p1a: Alakazam|Psychic|p2a: 3Dπ3
|-damage|p2a: 3Dπ3|275/703 par
|cant|p2a: 3Dπ3|par
|
|upkeep
|turn|13
|
|cant|p1a: Alakazam|par
|move|p2a: 3Dπ3|Soft-Boiled|p2a: 3Dπ3
|-heal|p2a: 3Dπ3|626/703 par
|
|upkeep
|turn|14
|
|switch|p2a: Südstern5|Starmie|323/323
|move|p1a: Alakazam|Thunder Wave|p2a: Südstern5|[miss]
|-miss|p1a: Alakazam
|-hint|In Gen 1, moves with 100% accurracy can still miss 1/256 of the time.
|
|upkeep
|turn|15
|
|switch|p2a: 3Dπ3|Chansey|626/703 par
|move|p1a: Alakazam|Psychic|p2a: 3Dπ3
|-damage|p2a: 3Dπ3|500/703 par
|
|upkeep
|turn|16
|
|move|p1a: Alakazam|Psychic|p2a: 3Dπ3
|-damage|p2a: 3Dπ3|372/703 par
|-unboost|p2a: 3Dπ3|spd|1
|-unboost|p2a: 3Dπ3|spa|1
|move|p2a: 3Dπ3|Thunderbolt|p1a: Alakazam
|-damage|p1a: Alakazam|237/313 par
|
|upkeep
|turn|17
|
|move|p1a: Alakazam|Psychic|p2a: 3Dπ3
|-damage|p2a: 3Dπ3|176/703 par
|-unboost|p2a: 3Dπ3|spd|1
|-unboost|p2a: 3Dπ3|spa|1
|move|p2a: 3Dπ3|Soft-Boiled|p2a: 3Dπ3
|-heal|p2a: 3Dπ3|527/703 par
|
|upkeep
|turn|18
|
|cant|p1a: Alakazam|par
|cant|p2a: 3Dπ3|par
|
|upkeep
|turn|19
|
|move|p1a: Alakazam|Psychic|p2a: 3Dπ3
|-damage|p2a: 3Dπ3|272/703 par
|-unboost|p2a: 3Dπ3|spd|1
|-unboost|p2a: 3Dπ3|spa|1
|move|p2a: 3Dπ3|Soft-Boiled|p2a: 3Dπ3
|-heal|p2a: 3Dπ3|623/703 par
|
|upkeep
|turn|20
|
|move|p1a: Alakazam|Thunder Wave|p2a: 3Dπ3
|-fail|p2a: 3Dπ3|par
|move|p2a: 3Dπ3|Soft-Boiled|p2a: 3Dπ3
|-heal|p2a: 3Dπ3|703/703 par
|
|upkeep
|turn|21
|
|switch|p2a: Infect4|Exeggutor|93/393 par
|move|p1a: Alakazam|Thunder Wave|p2a: Infect4
|-fail|p2a: Infect4|par
|
|upkeep
|turn|22
|
|switch|p2a: 3Dπ3|Chansey|703/703 par
|move|p1a: Alakazam|Seismic Toss|p2a: 3Dπ3
|-damage|p2a: 3Dπ3|603/703 par
|
|upkeep
|turn|23
|
|move|p1a: Alakazam|Recover|p1a: Alakazam
|-heal|p1a: Alakazam|313/313 par
|cant|p2a: 3Dπ3|par
|
|upkeep
|turn|24
|
|switch|p1a: Snorlax|Snorlax|523/523
|move|p2a: 3Dπ3|Thunderbolt|p1a: Snorlax
|-damage|p1a: Snorlax|419/523
|
|upkeep
|turn|25
|
|move|p1a: Snorlax|Body Slam|p2a: 3Dπ3
|-damage|p2a: 3Dπ3|290/703 par
|move|p2a: 3Dπ3|Thunder Wave|p1a: Snorlax
|-status|p1a: Snorlax|par
|
|upkeep
|turn|26
|
|move|p2a: 3Dπ3|Soft-Boiled|p2a: 3Dπ3
|-heal|p2a: 3Dπ3|641/703 par
|move|p1a: Snorlax|Body Slam|p2a: 3Dπ3
|-damage|p2a: 3Dπ3|347/703 par
|
|upkeep
|turn|27
|
|move|p2a: 3Dπ3|Soft-Boiled|p2a: 3Dπ3
|-heal|p2a: 3Dπ3|698/703 par
|move|p1a: Snorlax|Body Slam|p2a: 3Dπ3
|-damage|p2a: 3Dπ3|428/703 par
|
|upkeep
|turn|28
|
|move|p2a: 3Dπ3|Soft-Boiled|p2a: 3Dπ3
|-heal|p2a: 3Dπ3|703/703 par
|move|p1a: Snorlax|Body Slam|p2a: 3Dπ3
|-damage|p2a: 3Dπ3|396/703 par
|
|upkeep
|turn|29
|
|move|p2a: 3Dπ3|Soft-Boiled|p2a: 3Dπ3
|-heal|p2a: 3Dπ3|703/703 par
|cant|p1a: Snorlax|par
|
|upkeep
|turn|30
|
|switch|p2a: bigbones2|Snorlax|523/523
|move|p1a: Snorlax|Body Slam|p2a: bigbones2
|-damage|p2a: bigbones2|391/523
|
|upkeep
|turn|31
|
|move|p2a: bigbones2|Body Slam|p1a: Snorlax
|-damage|p1a: Snorlax|285/523 par
|move|p1a: Snorlax|Reflect|p1a: Snorlax
|-start|p1a: Snorlax|Reflect
|
|upkeep
|turn|32
|
|move|p2a: bigbones2|Reflect|p2a: bigbones2
|-start|p2a: bigbones2|Reflect
|move|p1a: Snorlax|Rest|p1a: Snorlax
|-status|p1a: Snorlax|slp|[from] move: Rest
|-heal|p1a: Snorlax|523/523 slp|[silent]
|
|upkeep
|turn|33
|
|move|p2a: bigbones2|Body Slam|p1a: Snorlax
|-damage|p1a: Snorlax|453/523 slp
|cant|p1a: Snorlax|slp
|
|upkeep
|turn|34
|
|move|p2a: bigbones2|Body Slam|p1a: Snorlax
|-damage|p1a: Snorlax|382/523 slp
|-curestatus|p1a: Snorlax|slp|[msg]
|
|upkeep
|turn|35
|
|move|p2a: bigbones2|Body Slam|p1a: Snorlax
|-damage|p1a: Snorlax|308/523
|move|p1a: Snorlax|Body Slam|p2a: bigbones2
|-damage|p2a: bigbones2|319/523
|
|upkeep
|turn|36
|
|move|p2a: bigbones2|Body Slam|p1a: Snorlax
|-damage|p1a: Snorlax|244/523
|move|p1a: Snorlax|Rest|p1a: Snorlax
|-status|p1a: Snorlax|slp|[from] move: Rest
|-heal|p1a: Snorlax|523/523 slp|[silent]
|
|upkeep
|turn|37
|
|move|p2a: bigbones2|Rest|p2a: bigbones2
|-status|p2a: bigbones2|slp|[from] move: Rest
|-heal|p2a: bigbones2|523/523 slp|[silent]
|cant|p1a: Snorlax|slp
|
|upkeep
|turn|38
|
|cant|p2a: bigbones2|slp
|-curestatus|p1a: Snorlax|slp|[msg]
|
|upkeep
|turn|39
|
|switch|p1a: Exeggutor|Exeggutor|393/393
|-curestatus|p2a: bigbones2|slp|[msg]
|
|upkeep
|turn|40
|
|switch|p1a: Snorlax|Snorlax|523/523
|switch|p2a: 3Dπ3|Chansey|703/703 par
|
|upkeep
|turn|41
|
|move|p1a: Snorlax|Body Slam|p2a: 3Dπ3
|-damage|p2a: 3Dπ3|413/703 par
|move|p2a: 3Dπ3|Thunder Wave|p1a: Snorlax
|-status|p1a: Snorlax|par
|
|upkeep
|turn|42
|
|move|p2a: 3Dπ3|Soft-Boiled|p2a: 3Dπ3
|-heal|p2a: 3Dπ3|703/703 par
|move|p1a: Snorlax|Body Slam|p2a: 3Dπ3
|-damage|p2a: 3Dπ3|402/703 par
|
|upkeep
|turn|43
|
|move|p2a: 3Dπ3|Soft-Boiled|p2a: 3Dπ3
|-heal|p2a: 3Dπ3|703/703 par
|cant|p1a: Snorlax|par
|
|upkeep
|turn|44
|
|switch|p2a: bigbones2|Snorlax|523/523
|move|p1a: Snorlax|Body Slam|p2a: bigbones2
|-damage|p2a: bigbones2|391/523
|
|upkeep
|turn|45
|
|move|p2a: bigbones2|Body Slam|p1a: Snorlax
|-damage|p1a: Snorlax|392/523 par
|move|p1a: Snorlax|Reflect|p1a: Snorlax
|-start|p1a: Snorlax|Reflect
|
|upkeep
|turn|46
|
|move|p2a: bigbones2|Reflect|p2a: bigbones2
|-start|p2a: bigbones2|Reflect
|move|p1a: Snorlax|Body Slam|p2a: bigbones2
|-damage|p2a: bigbones2|316/523
|
|upkeep
|turn|47
|
|move|p2a: bigbones2|Earthquake|p1a: Snorlax
|-damage|p1a: Snorlax|333/523 par
|cant|p1a: Snorlax|par
|
|upkeep
|turn|48
|
|move|p2a: bigbones2|Rest|p2a: bigbones2
|-status|p2a: bigbones2|slp|[from] move: Rest
|-heal|p2a: bigbones2|523/523 slp|[silent]
|move|p1a: Snorlax|Rest|p1a: Snorlax
|-status|p1a: Snorlax|slp|[from] move: Rest
|-heal|p1a: Snorlax|523/523 slp|[silent]
|
|upkeep
|turn|49
|
|cant|p2a: bigbones2|slp
|cant|p1a: Snorlax|slp
|
|upkeep
|turn|50
|
|switch|p1a: Exeggutor|Exeggutor|393/393
|-curestatus|p2a: bigbones2|slp|[msg]
|
|upkeep
|turn|51
|
|switch|p2a: 3Dπ3|Chansey|703/703 par
|move|p1a: Exeggutor|Sleep Powder|p2a: 3Dπ3
|-fail|p2a: 3Dπ3
|
|upkeep
|turn|52
|
|switch|p1a: Snorlax|Snorlax|523/523 slp
|switch|p2a: Streetguard1|Tauros|353/353
|
|upkeep
|turn|53
|
|move|p2a: Streetguard1|Body Slam|p1a: Snorlax
|-crit|p1a: Snorlax
|-damage|p1a: Snorlax|263/523 slp
|-curestatus|p1a: Snorlax|slp|[msg]
|
|upkeep
|turn|54
|
|move|p2a: Streetguard1|Body Slam|p1a: Snorlax
|-damage|p1a: Snorlax|135/523
|move|p1a: Snorlax|Body Slam|p2a: Streetguard1
|-damage|p2a: Streetguard1|247/353
|
|upkeep
|turn|55
|
|move|p2a: Streetguard1|Body Slam|p1a: Snorlax
|-damage|p1a: Snorlax|7/523
|move|p1a: Snorlax|Self-Destruct|p2a: Streetguard1
|-damage|p2a: Streetguard1|0 fnt
|faint|p2a: Streetguard1
|faint|p1a: Snorlax
|
|switch|p2a: bigbones2|Snorlax|523/523
|switch|p1a: Chansey|Chansey|703/703
|turn|56
|
|move|p1a: Chansey|Thunder Wave|p2a: bigbones2
|-status|p2a: bigbones2|par
|move|p2a: bigbones2|Body Slam|p1a: Chansey
|-damage|p1a: Chansey|409/703
|
|upkeep
|turn|57
|
|move|p1a: Chansey|Soft-Boiled|p1a: Chansey
|-heal|p1a: Chansey|703/703
|move|p2a: bigbones2|Body Slam|p1a: Chansey
|-damage|p1a: Chansey|416/703
|
|upkeep
|turn|58
|
|move|p1a: Chansey|Reflect|p1a: Chansey
|-start|p1a: Chansey|Reflect
|cant|p2a: bigbones2|par
|
|upkeep
|turn|59
|
|move|p1a: Chansey|Soft-Boiled|p1a: Chansey
|-heal|p1a: Chansey|703/703
|cant|p2a: bigbones2|par
|
|upkeep
|turn|60
|
|move|p1a: Chansey|Seismic Toss|p2a: bigbones2
|-damage|p2a: bigbones2|423/523 par
|move|p2a: bigbones2|Reflect|p2a: bigbones2
|-start|p2a: bigbones2|Reflect
|
|upkeep
|turn|61
|
|move|p1a: Chansey|Seismic Toss|p2a: bigbones2
|-damage|p2a: bigbones2|323/523 par
|cant|p2a: bigbones2|par
|
|upkeep
|turn|62
|
|move|p1a: Chansey|Seismic Toss|p2a: bigbones2
|-damage|p2a: bigbones2|223/523 par
|move|p2a: bigbones2|Rest|p2a: bigbones2
|-status|p2a: bigbones2|slp|[from] move: Rest
|-heal|p2a: bigbones2|523/523 slp|[silent]
|
|upkeep
|turn|63
|
|switch|p1a: Exeggutor|Exeggutor|393/393
|cant|p2a: bigbones2|slp
|
|upkeep
|turn|64
|
|switch|p2a: 3Dπ3|Chansey|703/703 par
|move|p1a: Exeggutor|Psychic|p2a: 3Dπ3
|-damage|p2a: 3Dπ3|580/703 par
|-unboost|p2a: 3Dπ3|spd|1
|-unboost|p2a: 3Dπ3|spa|1
|
|upkeep
|turn|65
|
|switch|p1a: Alakazam|Alakazam|313/313 par
|cant|p2a: 3Dπ3|par
|
|upkeep
|turn|66
|
|move|p1a: Alakazam|Psychic|p2a: 3Dπ3
|-damage|p2a: 3Dπ3|374/703 par
|move|p2a: 3Dπ3|Thunderbolt|p1a: Alakazam
|-damage|p1a: Alakazam|271/313 par
|
|upkeep
|turn|67
|
|cant|p1a: Alakazam|par
|move|p2a: 3Dπ3|Soft-Boiled|p2a: 3Dπ3
|-heal|p2a: 3Dπ3|703/703 par
|
|upkeep
|turn|68
|
|switch|p2a: bigbones2|Snorlax|523/523 slp
|cant|p1a: Alakazam|par
|
|upkeep
|turn|69
|
|switch|p1a: Exeggutor|Exeggutor|393/393
|-curestatus|p2a: bigbones2|slp|[msg]
|
|upkeep
|turn|70
|
|switch|p2a: 3Dπ3|Chansey|703/703 par
|move|p1a: Exeggutor|Sleep Powder|p2a: 3Dπ3
|-fail|p2a: 3Dπ3
|
|upkeep
|turn|71
|
|switch|p1a: Alakazam|Alakazam|271/313 par
|cant|p2a: 3Dπ3|par
|
|upkeep
|turn|72
|
|move|p1a: Alakazam|Psychic|p2a: 3Dπ3
|-damage|p2a: 3Dπ3|572/703 par
|move|p2a: 3Dπ3|Thunderbolt|p1a: Alakazam
|-damage|p1a: Alakazam|205/313 par
|
|upkeep
|turn|73
|
|move|p1a: Alakazam|Recover|p1a: Alakazam
|-heal|p1a: Alakazam|313/313 par
|move|p2a: 3Dπ3|Thunderbolt|p1a: Alakazam
|-damage|p1a: Alakazam|248/313 par
|
|upkeep
|turn|74
|
|move|p1a: Alakazam|Seismic Toss|p2a: 3Dπ3
|-damage|p2a: 3Dπ3|472/703 par
|move|p2a: 3Dπ3|Thunderbolt|p1a: Alakazam
|-damage|p1a: Alakazam|182/313 par
|
|upkeep
|turn|75
|
|move|p1a: Alakazam|Thunder Wave|p2a: 3Dπ3
|-fail|p2a: 3Dπ3|par
|move|p2a: 3Dπ3|Thunderbolt|p1a: Alakazam
|-damage|p1a: Alakazam|122/313 par
|
|upkeep
|turn|76
|
|move|p1a: Alakazam|Recover|p1a: Alakazam
|-heal|p1a: Alakazam|278/313 par
|move|p2a: 3Dπ3|Soft-Boiled|p2a: 3Dπ3
|-heal|p2a: 3Dπ3|703/703 par
|
|upkeep
|turn|77
|
|move|p1a: Alakazam|Seismic Toss|p2a: 3Dπ3
|-damage|p2a: 3Dπ3|603/703 par
|move|p2a: 3Dπ3|Thunderbolt|p1a: Alakazam
|-damage|p1a: Alakazam|212/313 par
|
|upkeep
|turn|78
|
|move|p1a: Alakazam|Psychic|p2a: 3Dπ3
|-crit|p2a: 3Dπ3
|-damage|p2a: 3Dπ3|366/703 par
|move|p2a: 3Dπ3|Thunderbolt|p1a: Alakazam
|-damage|p1a: Alakazam|150/313 par
|
|upkeep
|turn|79
|
|move|p1a: Alakazam|Recover|p1a: Alakazam
|-heal|p1a: Alakazam|306/313 par
|cant|p2a: 3Dπ3|par
|
|upkeep
|turn|80
|
|move|p1a: Alakazam|Psychic|p2a: 3Dπ3
|-damage|p2a: 3Dπ3|232/703 par
|-unboost|p2a: 3Dπ3|spd|1
|-unboost|p2a: 3Dπ3|spa|1
|move|p2a: 3Dπ3|Soft-Boiled|p2a: 3Dπ3
|-heal|p2a: 3Dπ3|583/703 par
|
|upkeep
|turn|81
|
|switch|p2a: Infect4|Exeggutor|93/393 par
|move|p1a: Alakazam|Seismic Toss|p2a: Infect4
|-damage|p2a: Infect4|0 fnt
|faint|p2a: Infect4
|
|switch|p2a: Terraformer8|Rhydon|413/413
|turn|82
|
|switch|p1a: Exeggutor|Exeggutor|393/393
|move|p2a: Terraformer8|Body Slam|p1a: Exeggutor
|-damage|p1a: Exeggutor|305/393
|-status|p1a: Exeggutor|par
|
|upkeep
|turn|83
|
|switch|p2a: 3Dπ3|Chansey|583/703 par
|move|p1a: Exeggutor|Psychic|p2a: 3Dπ3
|-damage|p2a: 3Dπ3|465/703 par
|
|upkeep
|turn|84
|
|switch|p1a: Alakazam|Alakazam|306/313 par
|switch|p2a: Terraformer8|Rhydon|413/413
|
|upkeep
|turn|85
|
|switch|p1a: Exeggutor|Exeggutor|305/393 par
|move|p2a: Terraformer8|Earthquake|p1a: Exeggutor
|-resisted|p1a: Exeggutor
|-damage|p1a: Exeggutor|229/393 par
|
|upkeep
|turn|86
|
|move|p2a: Terraformer8|Rock Slide|p1a: Exeggutor
|-damage|p1a: Exeggutor|118/393 par
|move|p1a: Exeggutor|Psychic|p2a: Terraformer8
|-damage|p2a: Terraformer8|217/413
|
|upkeep
|turn|87
|
|move|p2a: Terraformer8|Rock Slide|p1a: Exeggutor
|-crit|p1a: Exeggutor
|-damage|p1a: Exeggutor|0 fnt
|faint|p1a: Exeggutor
|
|switch|p1a: Tauros|Tauros|353/353
|turn|88
|
|switch|p2a: Südstern5|Starmie|323/323
|move|p1a: Tauros|Body Slam|p2a: Südstern5
|-damage|p2a: Südstern5|215/323
|
|upkeep
|turn|89
|
|switch|p1a: Alakazam|Alakazam|306/313 par
|move|p2a: Südstern5|Thunder Wave|p1a: Alakazam
|-fail|p1a: Alakazam|par
|
|upkeep
|turn|90
|
|switch|p2a: Terraformer8|Rhydon|217/413
|cant|p1a: Alakazam|par
|
|upkeep
|turn|91
|
|switch|p1a: Chansey|Chansey|703/703
|move|p2a: Terraformer8|Earthquake|p1a: Chansey
|-damage|p1a: Chansey|329/703
|
|upkeep
|turn|92
|
|move|p1a: Chansey|Reflect|p1a: Chansey
|-start|p1a: Chansey|Reflect
|move|p2a: Terraformer8|Earthquake|p1a: Chansey
|-damage|p1a: Chansey|134/703
|
|upkeep
|turn|93
|
|move|p1a: Chansey|Soft-Boiled|p1a: Chansey
|-heal|p1a: Chansey|485/703
|move|p2a: Terraformer8|Earthquake|p1a: Chansey
|-damage|p1a: Chansey|304/703
|
|upkeep
|turn|94
|
|switch|p2a: 3Dπ3|Chansey|465/703 par
|move|p1a: Chansey|Seismic Toss|p2a: 3Dπ3
|-damage|p2a: 3Dπ3|365/703 par
|
|upkeep
|turn|95
|j| SempaiLugia
|
|switch|p1a: Alakazam|Alakazam|306/313 par
|move|p2a: 3Dπ3|Ice Beam|p1a: Alakazam
|-crit|p1a: Alakazam
|-damage|p1a: Alakazam|194/313 par
|
|upkeep
|turn|96
|
|switch|p2a: Terraformer8|Rhydon|217/413
|cant|p1a: Alakazam|par
|
|upkeep
|turn|97
|
|switch|p1a: Tauros|Tauros|353/353
|move|p2a: Terraformer8|Earthquake|p1a: Tauros
|-damage|p1a: Tauros|203/353
|
|upkeep
|turn|98
|
|switch|p2a: bigbones2|Snorlax|523/523
|move|p1a: Tauros|Body Slam|p2a: bigbones2
|-damage|p2a: bigbones2|395/523
|
|upkeep
|turn|99
|
|move|p1a: Tauros|Body Slam|p2a: bigbones2
|-damage|p2a: bigbones2|263/523
|move|p2a: bigbones2|Body Slam|p1a: Tauros
|-damage|p1a: Tauros|99/353
|
|upkeep
|turn|100
|
|move|p1a: Tauros|Body Slam|p2a: bigbones2
|-crit|p2a: bigbones2
|-damage|p2a: bigbones2|2/523
|move|p2a: bigbones2|Body Slam|p1a: Tauros
|-damage|p1a: Tauros|0 fnt
|faint|p1a: Tauros
|
|switch|p1a: Kabutops|Kabutops|323/323
|turn|101
|
|switch|p2a: Südstern5|Starmie|215/323
|move|p1a: Kabutops|Slash|p2a: Südstern5
|-crit|p2a: Südstern5
|-damage|p2a: Südstern5|92/323
|
|upkeep
|turn|102
|
|switch|p1a: Alakazam|Alakazam|194/313 par
|move|p2a: Südstern5|Recover|p2a: Südstern5
|-heal|p2a: Südstern5|253/323
|
|upkeep
|turn|103
|inactive|7 Tools has 120 seconds left.
|
|move|p2a: Südstern5|Psychic|p1a: Alakazam
|-resisted|p1a: Alakazam
|-damage|p1a: Alakazam|152/313 par
|move|p1a: Alakazam|Psychic|p2a: Südstern5
|-resisted|p2a: Südstern5
|-damage|p2a: Südstern5|184/323
|
|upkeep
|turn|104
|
|switch|p2a: Terraformer8|Rhydon|217/413
|move|p1a: Alakazam|Psychic|p2a: Terraformer8
|-damage|p2a: Terraformer8|15/413
|-unboost|p2a: Terraformer8|spd|1
|-unboost|p2a: Terraformer8|spa|1
|
|upkeep
|turn|105
|inactive|7 Tools has 120 seconds left.
|inactive|Golden Bells has 120 seconds left.
|
|move|p2a: Terraformer8|Earthquake|p1a: Alakazam
|-damage|p1a: Alakazam|0 fnt
|faint|p1a: Alakazam
|
|switch|p1a: Chansey|Chansey|304/703
|turn|106
|inactive|7 Tools has 120 seconds left.
|
|switch|p2a: 3Dπ3|Chansey|365/703 par
|move|p1a: Chansey|Seismic Toss|p2a: 3Dπ3
|-damage|p2a: 3Dπ3|265/703 par
|
|upkeep
|turn|107
|inactive|Golden Bells has 120 seconds left.
|
|switch|p1a: Kabutops|Kabutops|323/323
|move|p2a: 3Dπ3|Thunder Wave|p1a: Kabutops
|-status|p1a: Kabutops|par
|
|upkeep
|turn|108
|inactive|Golden Bells has 120 seconds left.
|inactive|7 Tools has 90 seconds left.
|inactive|7 Tools has 60 seconds left.
|inactive|7 Tools has 30 seconds left.
|inactive|7 Tools has 20 seconds left.
|inactive|7 Tools has 15 seconds left.
|
|switch|p2a: Südstern5|Starmie|184/323
|move|p1a: Kabutops|Swords Dance|p1a: Kabutops
|-boost|p1a: Kabutops|atk|2
|
|upkeep
|turn|109
|inactive|7 Tools has 20 seconds left this turn.
|inactive|7 Tools has 15 seconds left.
|
|move|p2a: Südstern5|Psychic|p1a: Kabutops
|-damage|p1a: Kabutops|192/323 par
|move|p1a: Kabutops|Swords Dance|p1a: Kabutops
|-boost|p1a: Kabutops|atk|2
|
|upkeep
|turn|110
|inactive|7 Tools has 20 seconds left this turn.
|
|move|p2a: Südstern5|Psychic|p1a: Kabutops
|-damage|p1a: Kabutops|59/323 par
|move|p1a: Kabutops|Hyper Beam|p2a: Südstern5
|-damage|p2a: Südstern5|0 fnt
|faint|p2a: Südstern5
|inactive|7 Tools has 25 seconds left this turn.
|inactive|7 Tools has 20 seconds left.
|inactive|7 Tools has 15 seconds left.
|inactive|7 Tools has 10 seconds left.
|
|switch|p2a: Terraformer8|Rhydon|15/413
|turn|111
|inactive|7 Tools has 15 seconds left this turn.
|
|move|p2a: Terraformer8|Earthquake|p1a: Kabutops
|-supereffective|p1a: Kabutops
|-damage|p1a: Kabutops|0 fnt
|faint|p1a: Kabutops
|inactive|7 Tools has 20 seconds left this turn.
|
|switch|p1a: Chansey|Chansey|304/703
|turn|112
|inactive|7 Tools has 25 seconds left this turn.
|inactive|7 Tools has 20 seconds left.
|
|move|p1a: Chansey|Seismic Toss|p2a: Terraformer8
|-damage|p2a: Terraformer8|0 fnt
|faint|p2a: Terraformer8
|inactive|7 Tools has 25 seconds left this turn.
|
|switch|p2a: 3Dπ3|Chansey|265/703 par
|turn|113
|inactive|7 Tools has 30 seconds left this turn.
|
|move|p1a: Chansey|Seismic Toss|p2a: 3Dπ3
|-damage|p2a: 3Dπ3|165/703 par
|move|p2a: 3Dπ3|Thunder Wave|p1a: Chansey
|-status|p1a: Chansey|par
|
|upkeep
|turn|114
|inactive|7 Tools has 30 seconds left this turn.
|
|move|p2a: 3Dπ3|Soft-Boiled|p2a: 3Dπ3
|-heal|p2a: 3Dπ3|516/703 par
|move|p1a: Chansey|Seismic Toss|p2a: 3Dπ3
|-damage|p2a: 3Dπ3|416/703 par
|
|upkeep
|turn|115
|inactive|7 Tools has 30 seconds left.
|
|move|p2a: 3Dπ3|Thunderbolt|p1a: Chansey
|-damage|p1a: Chansey|232/703 par
|move|p1a: Chansey|Reflect|p1a: Chansey
|-start|p1a: Chansey|Reflect
|
|upkeep
|turn|116
|
|move|p2a: 3Dπ3|Thunderbolt|p1a: Chansey
|-damage|p1a: Chansey|155/703 par
|move|p1a: Chansey|Soft-Boiled|p1a: Chansey
|-heal|p1a: Chansey|506/703 par
|
|upkeep
|turn|117
|
|move|p1a: Chansey|Seismic Toss|p2a: 3Dπ3
|-damage|p2a: 3Dπ3|316/703 par
|move|p2a: 3Dπ3|Thunderbolt|p1a: Chansey
|-damage|p1a: Chansey|434/703 par
|
|upkeep
|turn|118
|
|move|p2a: 3Dπ3|Thunderbolt|p1a: Chansey
|-damage|p1a: Chansey|357/703 par
|cant|p1a: Chansey|par
|
|upkeep
|turn|119
|
|move|p1a: Chansey|Soft-Boiled|p1a: Chansey
|-heal|p1a: Chansey|703/703 par
|move|p2a: 3Dπ3|Thunderbolt|p1a: Chansey
|-damage|p1a: Chansey|629/703 par
|
|upkeep
|turn|120
|
|move|p1a: Chansey|Seismic Toss|p2a: 3Dπ3
|-damage|p2a: 3Dπ3|216/703 par
|move|p2a: 3Dπ3|Thunderbolt|p1a: Chansey
|-damage|p1a: Chansey|552/703 par
|
|upkeep
|turn|121
|
|move|p2a: 3Dπ3|Thunderbolt|p1a: Chansey
|-damage|p1a: Chansey|481/703 par
|move|p1a: Chansey|Seismic Toss|p2a: 3Dπ3
|-damage|p2a: 3Dπ3|116/703 par
|
|upkeep
|turn|122
|
|cant|p1a: Chansey|par
|move|p2a: 3Dπ3|Thunderbolt|p1a: Chansey
|-crit|p1a: Chansey
|-damage|p1a: Chansey|337/703 par
|
|upkeep
|turn|123
|
|move|p2a: 3Dπ3|Thunderbolt|p1a: Chansey
|-damage|p1a: Chansey|262/703 par
|move|p1a: Chansey|Seismic Toss|p2a: 3Dπ3
|-damage|p2a: 3Dπ3|16/703 par
|
|upkeep
|turn|124
|
|move|p2a: 3Dπ3|Thunderbolt|p1a: Chansey
|-damage|p1a: Chansey|188/703 par
|move|p1a: Chansey|Soft-Boiled|p1a: Chansey
|-heal|p1a: Chansey|539/703 par
|
|upkeep
|turn|125
|
|cant|p2a: 3Dπ3|par
|cant|p1a: Chansey|par
|
|upkeep
|turn|126
|
|move|p2a: 3Dπ3|Thunderbolt|p1a: Chansey
|-damage|p1a: Chansey|463/703 par
|move|p1a: Chansey|Seismic Toss|p2a: 3Dπ3
|-damage|p2a: 3Dπ3|0 fnt
|faint|p2a: 3Dπ3
|
|switch|p2a: bigbones2|Snorlax|2/523
|turn|127
|
|move|p2a: bigbones2|Rest|p2a: bigbones2
|-status|p2a: bigbones2|slp|[from] move: Rest
|-heal|p2a: bigbones2|523/523 slp|[silent]
|cant|p1a: Chansey|par
|
|upkeep
|turn|128
|
|cant|p2a: bigbones2|slp
|move|p1a: Chansey|Seismic Toss|p2a: bigbones2
|-damage|p2a: bigbones2|423/523 slp
|
|upkeep
|turn|129
|
|-curestatus|p2a: bigbones2|slp|[msg]
|cant|p1a: Chansey|par
|
|upkeep
|turn|130
|
|move|p2a: bigbones2|Earthquake|p1a: Chansey
|-damage|p1a: Chansey|345/703 par
|move|p1a: Chansey|Soft-Boiled|p1a: Chansey
|-heal|p1a: Chansey|696/703 par
|
|upkeep
|turn|131
|
|move|p2a: bigbones2|Earthquake|p1a: Chansey
|-damage|p1a: Chansey|575/703 par
|move|p1a: Chansey|Reflect|p1a: Chansey
|-fail|p1a: Chansey
|
|upkeep
|turn|132
|
|move|p2a: bigbones2|Earthquake|p1a: Chansey
|-damage|p1a: Chansey|466/703 par
|move|p1a: Chansey|Reflect|p1a: Chansey
|-fail|p1a: Chansey
|
|upkeep
|turn|133
|
|move|p2a: bigbones2|Earthquake|p1a: Chansey
|-damage|p1a: Chansey|346/703 par
|move|p1a: Chansey|Soft-Boiled|p1a: Chansey
|-heal|p1a: Chansey|697/703 par
|
|upkeep
|turn|134
|
|move|p2a: bigbones2|Rest|p2a: bigbones2
|-status|p2a: bigbones2|slp|[from] move: Rest
|-heal|p2a: bigbones2|523/523 slp|[silent]
|cant|p1a: Chansey|par
|
|upkeep
|turn|135
|
|cant|p2a: bigbones2|slp
|move|p1a: Chansey|Thunder Wave|p2a: bigbones2
|-fail|p2a: bigbones2
|
|upkeep
|turn|136
|
|-curestatus|p2a: bigbones2|slp|[msg]
|move|p1a: Chansey|Reflect|p1a: Chansey
|-fail|p1a: Chansey
|
|upkeep
|turn|137
|
|move|p2a: bigbones2|Reflect|p2a: bigbones2
|-start|p2a: bigbones2|Reflect
|move|p1a: Chansey|Reflect|p1a: Chansey
|-fail|p1a: Chansey
|
|upkeep
|turn|138
|
|move|p2a: bigbones2|Reflect|p2a: bigbones2
|-fail|p2a: bigbones2
|move|p1a: Chansey|Reflect|p1a: Chansey
|-fail|p1a: Chansey
|
|upkeep
|turn|139
|
|move|p2a: bigbones2|Earthquake|p1a: Chansey
|-crit|p1a: Chansey
|-damage|p1a: Chansey|241/703 par
|move|p1a: Chansey|Reflect|p1a: Chansey
|-fail|p1a: Chansey
|
|upkeep
|turn|140
|
|move|p2a: bigbones2|Body Slam|p1a: Chansey
|-damage|p1a: Chansey|97/703 par
|move|p1a: Chansey|Soft-Boiled|p1a: Chansey
|-heal|p1a: Chansey|448/703 par
|
|upkeep
|turn|141
|
|move|p2a: bigbones2|Body Slam|p1a: Chansey
|-damage|p1a: Chansey|298/703 par
|move|p1a: Chansey|Reflect|p1a: Chansey
|-fail|p1a: Chansey
|
|upkeep
|turn|142
|
|move|p2a: bigbones2|Body Slam|p1a: Chansey
|-crit|p1a: Chansey
|-damage|p1a: Chansey|0 fnt
|faint|p1a: Chansey
|
|win|7 Tools
