|j|☆Thethunderbirds
|j|☆Snowy❄FRZ
|player|p1|Thethunderbirds|163
|player|p2|Snowy❄FRZ|2
|teamsize|p1|6
|teamsize|p2|6
|gametype|singles
|gen|1
|tier|[Gen 1] OU
|rated|Tournament battle
|rule|Sleep Clause Mod: Limit one foe put to sleep
|rule|Freeze Clause Mod: Limit one foe frozen
|rule|Species Clause: Limit one of each Pokémon
|rule|OHKO Clause: OHKO moves are banned
|rule|Evasion Moves Clause: Evasion moves are banned
|rule|HP Percentage Mod: HP is shown in percentages
|
|start
|switch|p1a: Alakazam|Alakazam|313/313
|switch|p2a: Alakazam|Alakazam|313/313
|turn|1
|inactive|Battle timer is ON: inactive players will automatically lose when time's up. (requested by Thethunderbirds)
|
|move|p2a: Alakazam|Thunder Wave|p1a: Alakazam
|-status|p1a: Alakazam|par
|cant|p1a: Alakazam|par
|
|upkeep
|turn|2
|
|move|p2a: Alakazam|Seismic Toss|p1a: Alakazam
|-damage|p1a: Alakazam|213/313 par
|move|p1a: Alakazam|Thunder Wave|p2a: Alakazam
|-status|p2a: Alakazam|par
|
|upkeep
|turn|3
|
|cant|p2a: Alakazam|par
|cant|p1a: Alakazam|par
|
|upkeep
|turn|4
|j| bub runk
|
|move|p2a: Alakazam|Seismic Toss|p1a: Alakazam
|-damage|p1a: Alakazam|113/313 par
|move|p1a: Alakazam|Recover|p1a: Alakazam
|-heal|p1a: Alakazam|269/313 par
|
|upkeep
|turn|5
|
|cant|p1a: Alakazam|par
|move|p2a: Alakazam|Seismic Toss|p1a: Alakazam
|-damage|p1a: Alakazam|169/313 par
|
|upkeep
|turn|6
|
|move|p1a: Alakazam|Recover|p1a: Alakazam
|-heal|p1a: Alakazam|313/313 par
|move|p2a: Alakazam|Seismic Toss|p1a: Alakazam
|-damage|p1a: Alakazam|213/313 par
|
|upkeep
|turn|7
|
|move|p2a: Alakazam|Seismic Toss|p1a: Alakazam
|-damage|p1a: Alakazam|113/313 par
|move|p1a: Alakazam|Seismic Toss|p2a: Alakazam
|-damage|p2a: Alakazam|213/313 par
|
|upkeep
|turn|8
|
|switch|p2a: Snorlax|Snorlax|523/523
|move|p1a: Alakazam|Recover|p1a: Alakazam
|-heal|p1a: Alakazam|269/313 par
|
|upkeep
|turn|9
|
|move|p2a: Snorlax|Body Slam|p1a: Alakazam
|-damage|p1a: Alakazam|95/313 par
|move|p1a: Alakazam|Thunder Wave|p2a: Snorlax
|-status|p2a: Snorlax|par
|
|upkeep
|turn|10
|
|cant|p1a: Alakazam|par
|cant|p2a: Snorlax|par
|
|upkeep
|turn|11
|
|move|p1a: Alakazam|Psychic|p2a: Snorlax
|-crit|p2a: Snorlax
|-damage|p2a: Snorlax|171/523 par
|-unboost|p2a: Snorlax|spd|1
|-unboost|p2a: Snorlax|spa|1
|move|p2a: Snorlax|Hyper Beam|p1a: Alakazam
|-damage|p1a: Alakazam|0 fnt
|faint|p1a: Alakazam
|
|switch|p1a: Tauros|Tauros|353/353
|turn|12
|
|switch|p2a: Exeggutor|Exeggutor|393/393
|move|p1a: Tauros|Hyper Beam|p2a: Exeggutor
|-damage|p2a: Exeggutor|193/393
|-mustrecharge|p1a: Tauros
|
|upkeep
|turn|13
|
|cant|p1a: Tauros|recharge
|move|p2a: Exeggutor|Sleep Powder|p1a: Tauros|[miss]
|-miss|p2a: Exeggutor
|
|upkeep
|turn|14
|
|move|p1a: Tauros|Hyper Beam|p2a: Exeggutor
|-damage|p2a: Exeggutor|13/393
|-mustrecharge|p1a: Tauros
|move|p2a: Exeggutor|Sleep Powder|p1a: Tauros
|-status|p1a: Tauros|slp|[from] move: Sleep Powder
|-hint|In Gen 1, if a Pokémon that has just used Hyper Beam and has yet to recharge is targeted with a sleep inducing move, any other status it may already have will be ignored and sleep will be induced regardless.
|
|upkeep
|turn|15
|
|switch|p1a: Zapdos|Zapdos|383/383
|move|p2a: Exeggutor|Psychic|p1a: Zapdos
|-damage|p1a: Zapdos|268/383
|-unboost|p1a: Zapdos|spd|1
|-unboost|p1a: Zapdos|spa|1
|
|upkeep
|turn|16
|
|move|p1a: Zapdos|Drill Peck|p2a: Exeggutor
|-supereffective|p2a: Exeggutor
|-damage|p2a: Exeggutor|0 fnt
|faint|p2a: Exeggutor
|
|switch|p2a: Lapras|Lapras|463/463
|turn|17
|
|switch|p1a: Tauros|Tauros|353/353 slp
|move|p2a: Lapras|Blizzard|p1a: Tauros
|-damage|p1a: Tauros|182/353 slp
|
|upkeep
|turn|18
|
|cant|p1a: Tauros|slp
|move|p2a: Lapras|Blizzard|p1a: Tauros
|-damage|p1a: Tauros|9/353 slp
|
|upkeep
|turn|19
|
|-curestatus|p1a: Tauros|slp|[msg]
|move|p2a: Lapras|Thunderbolt|p1a: Tauros
|-damage|p1a: Tauros|0 fnt
|faint|p1a: Tauros
|
|switch|p1a: Exeggutor|Exeggutor|393/393
|turn|20
|
|switch|p2a: Alakazam|Alakazam|213/313 par
|move|p1a: Exeggutor|Sleep Powder|p2a: Alakazam|[miss]
|-miss|p1a: Exeggutor
|
|upkeep
|turn|21
|
|move|p1a: Exeggutor|Double-Edge|p2a: Alakazam
|-damage|p2a: Alakazam|100/313 par
|-damage|p1a: Exeggutor|365/393|[from] Recoil|[of] p2a: Alakazam
|cant|p2a: Alakazam|par
|
|upkeep
|turn|22
|
|move|p1a: Exeggutor|Double-Edge|p2a: Alakazam
|-damage|p2a: Alakazam|0 fnt
|-damage|p1a: Exeggutor|340/393|[from] Recoil|[of] p2a: Alakazam
|faint|p2a: Alakazam
|
|switch|p2a: Lapras|Lapras|463/463
|turn|23
|
|move|p2a: Lapras|Sing|p1a: Exeggutor
|-status|p1a: Exeggutor|slp|[from] move: Sing
|cant|p1a: Exeggutor|slp
|
|upkeep
|turn|24
|
|move|p2a: Lapras|Blizzard|p1a: Exeggutor
|-supereffective|p1a: Exeggutor
|-damage|p1a: Exeggutor|94/393 slp
|cant|p1a: Exeggutor|slp
|
|upkeep
|turn|25
|
|move|p2a: Lapras|Blizzard|p1a: Exeggutor
|-supereffective|p1a: Exeggutor
|-damage|p1a: Exeggutor|0 fnt
|faint|p1a: Exeggutor
|
|switch|p1a: Snorlax|Snorlax|523/523
|turn|26
|
|move|p2a: Lapras|Sing|p1a: Snorlax|[miss]
|-miss|p2a: Lapras
|move|p1a: Snorlax|Self-Destruct|p2a: Lapras
|-damage|p2a: Lapras|86/463
|faint|p1a: Snorlax
|
|switch|p1a: Zapdos|Zapdos|268/383
|turn|27
|
|switch|p2a: Snorlax|Snorlax|171/523 par
|move|p1a: Zapdos|Thunderbolt|p2a: Snorlax
|-damage|p2a: Snorlax|0 fnt
|faint|p2a: Snorlax
|
|switch|p2a: Chansey|Chansey|703/703
|turn|28
|
|move|p1a: Zapdos|Drill Peck|p2a: Chansey
|-damage|p2a: Chansey|446/703
|move|p2a: Chansey|Thunder Wave|p1a: Zapdos
|-status|p1a: Zapdos|par
|
|upkeep
|turn|29
|
|move|p2a: Chansey|Reflect|p2a: Chansey
|-start|p2a: Chansey|Reflect
|move|p1a: Zapdos|Drill Peck|p2a: Chansey
|-crit|p2a: Chansey
|-damage|p2a: Chansey|0 fnt
|faint|p2a: Chansey
|
|switch|p2a: Lapras|Lapras|86/463
|turn|30
|
|move|p2a: Lapras|Blizzard|p1a: Zapdos
|-supereffective|p1a: Zapdos
|-damage|p1a: Zapdos|21/383 par
|cant|p1a: Zapdos|par
|
|upkeep
|turn|31
|
|move|p2a: Lapras|Thunderbolt|p1a: Zapdos
|-damage|p1a: Zapdos|0 fnt
|faint|p1a: Zapdos
|
|switch|p1a: Chansey|Chansey|703/703
|turn|32
|
|move|p2a: Lapras|Sing|p1a: Chansey
|-status|p1a: Chansey|slp|[from] move: Sing
|cant|p1a: Chansey|slp
|
|upkeep
|turn|33
|
|move|p2a: Lapras|Blizzard|p1a: Chansey
|-crit|p1a: Chansey
|-damage|p1a: Chansey|456/703 slp
|cant|p1a: Chansey|slp
|
|upkeep
|turn|34
|
|move|p2a: Lapras|Blizzard|p1a: Chansey
|-damage|p1a: Chansey|317/703 slp
|cant|p1a: Chansey|slp
|
|upkeep
|turn|35
|
|move|p2a: Lapras|Blizzard|p1a: Chansey
|-damage|p1a: Chansey|176/703 slp
|-curestatus|p1a: Chansey|slp|[msg]
|
|upkeep
|turn|36
|
|move|p2a: Lapras|Hyper Beam|p1a: Chansey|[miss]
|-miss|p2a: Lapras
|move|p1a: Chansey|Soft-Boiled|p1a: Chansey
|-heal|p1a: Chansey|527/703
|
|upkeep
|turn|37
|
|move|p2a: Lapras|Sing|p1a: Chansey
|-status|p1a: Chansey|slp|[from] move: Sing
|cant|p1a: Chansey|slp
|
|upkeep
|turn|38
|
|move|p2a: Lapras|Thunderbolt|p1a: Chansey
|-damage|p1a: Chansey|462/703 slp
|cant|p1a: Chansey|slp
|
|upkeep
|turn|39
|
|move|p2a: Lapras|Thunderbolt|p1a: Chansey
|-damage|p1a: Chansey|391/703 slp
|cant|p1a: Chansey|slp
|
|upkeep
|turn|40
|
|move|p2a: Lapras|Thunderbolt|p1a: Chansey
|-damage|p1a: Chansey|324/703 slp
|cant|p1a: Chansey|slp
|
|upkeep
|turn|41
|
|move|p2a: Lapras|Thunderbolt|p1a: Chansey
|-damage|p1a: Chansey|252/703 slp
|cant|p1a: Chansey|slp
|
|upkeep
|turn|42
|
|move|p2a: Lapras|Hyper Beam|p1a: Chansey
|-damage|p1a: Chansey|0 fnt
|faint|p1a: Chansey
|
|win|Snowy❄FRZ
|l|☆Thethunderbirds
