|j|☆Same4youtwo
|j|☆M-Kaz
|player|p1|Same4youtwo|101
|player|p2|M-Kaz|162
|teamsize|p1|6
|teamsize|p2|6
|gametype|singles
|gen|1
|tier|[Gen 1] OU
|rule|Sleep Clause Mod: Limit one foe put to sleep
|rule|Freeze Clause Mod: Limit one foe frozen
|rule|Species Clause: Limit one of each Pokémon
|rule|OHKO Clause: OHKO moves are banned
|rule|Evasion Moves Clause: Evasion moves are banned
|rule|HP Percentage Mod: HP is shown in percentages
|
|start
|switch|p1a: Alakazam|Alakazam|313/313
|switch|p2a: Alakazam|Alakazam|313/313
|turn|1
|c|☆M-Kaz|glgl
|c|☆Same4youtwo|hf
|j| Zokuru
|j| Rokhan
|
|move|p2a: Alakazam|Thunder Wave|p1a: Alakazam
|-status|p1a: Alakazam|par
|cant|p1a: Alakazam|par
|
|upkeep
|turn|2
|j| Staxi
|
|move|p2a: Alakazam|Seismic Toss|p1a: Alakazam
|-damage|p1a: Alakazam|213/313 par
|move|p1a: Alakazam|Thunder Wave|p2a: Alakazam
|-status|p2a: Alakazam|par
|
|upkeep
|turn|3
|j| kilimina
|j| Frrf
|j| Michy47
|
|switch|p2a: Snorlax|Snorlax|523/523
|move|p1a: Alakazam|Recover|p1a: Alakazam
|-heal|p1a: Alakazam|313/313 par
|
|upkeep
|turn|4
|c| Michy47|go kaz
|j| Celysi(´・・ )
|
|switch|p1a: Chansey|Chansey|703/703
|move|p2a: Snorlax|Body Slam|p1a: Chansey
|-damage|p1a: Chansey|414/703
|
|upkeep
|turn|5
|
|move|p1a: Chansey|Soft-Boiled|p1a: Chansey
|-heal|p1a: Chansey|703/703
|move|p2a: Snorlax|Body Slam|p1a: Chansey
|-damage|p1a: Chansey|409/703
|
|upkeep
|turn|6
|j| Akola
|j| BlazingDark =)
|
|move|p1a: Chansey|Soft-Boiled|p1a: Chansey
|-heal|p1a: Chansey|703/703
|move|p2a: Snorlax|Blizzard|p1a: Chansey
|-damage|p1a: Chansey|636/703
|
|upkeep
|turn|7
|
|switch|p2a: Alakazam|Alakazam|313/313 par
|move|p1a: Chansey|Thunder Wave|p2a: Alakazam
|-fail|p2a: Alakazam|par
|
|upkeep
|turn|8
|
|switch|p1a: Zapdos|Zapdos|383/383
|cant|p2a: Alakazam|par
|
|upkeep
|turn|9
|
|switch|p1a: Alakazam|Alakazam|313/313 par
|move|p2a: Alakazam|Thunder Wave|p1a: Alakazam
|-fail|p1a: Alakazam|par
|
|upkeep
|turn|10
|j| Alkione
|
|switch|p1a: Snorlax|Snorlax|523/523
|move|p2a: Alakazam|Seismic Toss|p1a: Snorlax
|-damage|p1a: Snorlax|423/523
|
|upkeep
|turn|11
|j| BIHI
|
|switch|p2a: Chansey|Chansey|703/703
|move|p1a: Snorlax|Body Slam|p2a: Chansey
|-damage|p2a: Chansey|401/703
|
|upkeep
|turn|12
|
|switch|p1a: Exeggutor|Exeggutor|393/393
|move|p2a: Chansey|Soft-Boiled|p2a: Chansey
|-heal|p2a: Chansey|703/703
|
|upkeep
|turn|13
|
|switch|p2a: Alakazam|Alakazam|313/313 par
|move|p1a: Exeggutor|Psychic|p2a: Alakazam
|-resisted|p2a: Alakazam
|-damage|p2a: Alakazam|261/313 par
|
|upkeep
|turn|14
|
|switch|p1a: Alakazam|Alakazam|313/313 par
|move|p2a: Alakazam|Seismic Toss|p1a: Alakazam
|-damage|p1a: Alakazam|213/313 par
|
|upkeep
|turn|15
|
|cant|p1a: Alakazam|par
|move|p2a: Alakazam|Seismic Toss|p1a: Alakazam
|-damage|p1a: Alakazam|113/313 par
|
|upkeep
|turn|16
|
|switch|p2a: Snorlax|Snorlax|523/523
|move|p1a: Alakazam|Recover|p1a: Alakazam
|-heal|p1a: Alakazam|269/313 par
|
|upkeep
|turn|17
|
|switch|p1a: Snorlax|Snorlax|423/523
|move|p2a: Snorlax|Body Slam|p1a: Snorlax
|-damage|p1a: Snorlax|296/523
|
|upkeep
|turn|18
|
|move|p1a: Snorlax|Self-Destruct|p2a: Snorlax
|-damage|p2a: Snorlax|115/523
|faint|p1a: Snorlax
|
|switch|p1a: Tauros|Tauros|353/353
|turn|19
|
|switch|p2a: Starmie|Starmie|323/323
|move|p1a: Tauros|Body Slam|p2a: Starmie
|-damage|p2a: Starmie|205/323
|-status|p2a: Starmie|par
|
|upkeep
|turn|20
|
|move|p1a: Tauros|Body Slam|p2a: Starmie
|-damage|p2a: Starmie|98/323 par
|move|p2a: Starmie|Recover|p2a: Starmie
|-heal|p2a: Starmie|259/323 par
|
|upkeep
|turn|21
|
|switch|p1a: Chansey|Chansey|636/703
|move|p2a: Starmie|Blizzard|p1a: Chansey
|-damage|p1a: Chansey|540/703
|
|upkeep
|turn|22
|
|switch|p2a: Chansey|Chansey|703/703
|move|p1a: Chansey|Ice Beam|p2a: Chansey
|-damage|p2a: Chansey|624/703
|
|upkeep
|turn|23
|
|move|p1a: Chansey|Ice Beam|p2a: Chansey
|-damage|p2a: Chansey|554/703
|-status|p2a: Chansey|frz
|cant|p2a: Chansey|frz
|
|upkeep
|turn|24
|
|switch|p1a: Alakazam|Alakazam|269/313 par
|switch|p2a: Alakazam|Alakazam|261/313 par
|
|upkeep
|turn|25
|c|☆M-Kaz|aucune putain de justice
|c|☆M-Kaz|john et haxé
|
|move|p1a: Alakazam|Psychic|p2a: Alakazam
|-resisted|p2a: Alakazam
|-damage|p2a: Alakazam|213/313 par
|-unboost|p2a: Alakazam|spd|1
|-unboost|p2a: Alakazam|spa|1
|move|p2a: Alakazam|Seismic Toss|p1a: Alakazam
|-damage|p1a: Alakazam|169/313 par
|
|upkeep
|turn|26
|
|cant|p1a: Alakazam|par
|move|p2a: Alakazam|Recover|p2a: Alakazam
|-heal|p2a: Alakazam|313/313 par
|
|upkeep
|turn|27
|
|move|p1a: Alakazam|Psychic|p2a: Alakazam
|-resisted|p2a: Alakazam
|-damage|p2a: Alakazam|234/313 par
|-unboost|p2a: Alakazam|spd|1
|-unboost|p2a: Alakazam|spa|1
|cant|p2a: Alakazam|par
|
|upkeep
|turn|28
|
|switch|p2a: Exeggutor|Exeggutor|393/393
|move|p1a: Alakazam|Recover|p1a: Alakazam
|-heal|p1a: Alakazam|313/313 par
|
|upkeep
|turn|29
|
|switch|p2a: Alakazam|Alakazam|234/313 par
|move|p1a: Alakazam|Thunder Wave|p2a: Alakazam
|-fail|p2a: Alakazam|par
|
|upkeep
|turn|30
|
|move|p1a: Alakazam|Seismic Toss|p2a: Alakazam
|-damage|p2a: Alakazam|134/313 par
|move|p2a: Alakazam|Recover|p2a: Alakazam
|-heal|p2a: Alakazam|290/313 par
|
|upkeep
|turn|31
|j| GreenEdenn
|
|move|p1a: Alakazam|Psychic|p2a: Alakazam
|-resisted|p2a: Alakazam
|-damage|p2a: Alakazam|239/313 par
|-unboost|p2a: Alakazam|spd|1
|-unboost|p2a: Alakazam|spa|1
|move|p2a: Alakazam|Seismic Toss|p1a: Alakazam
|-damage|p1a: Alakazam|213/313 par
|
|upkeep
|turn|32
|
|move|p1a: Alakazam|Psychic|p2a: Alakazam
|-resisted|p2a: Alakazam
|-damage|p2a: Alakazam|163/313 par
|move|p2a: Alakazam|Recover|p2a: Alakazam
|-heal|p2a: Alakazam|313/313 par
|
|upkeep
|turn|33
|
|move|p1a: Alakazam|Recover|p1a: Alakazam
|-heal|p1a: Alakazam|313/313 par
|move|p2a: Alakazam|Seismic Toss|p1a: Alakazam
|-damage|p1a: Alakazam|213/313 par
|
|upkeep
|turn|34
|
|move|p1a: Alakazam|Seismic Toss|p2a: Alakazam
|-damage|p2a: Alakazam|213/313 par
|move|p2a: Alakazam|Seismic Toss|p1a: Alakazam
|-damage|p1a: Alakazam|113/313 par
|
|upkeep
|turn|35
|j| un nouveau depart!
|
|switch|p2a: Snorlax|Snorlax|115/523
|move|p1a: Alakazam|Psychic|p2a: Snorlax
|-crit|p2a: Snorlax
|-damage|p2a: Snorlax|0 fnt
|faint|p2a: Snorlax
|
|switch|p2a: Tauros|Tauros|353/353
|turn|36
|
|switch|p1a: Exeggutor|Exeggutor|393/393
|move|p2a: Tauros|Body Slam|p1a: Exeggutor
|-damage|p1a: Exeggutor|281/393
|
|upkeep
|turn|37
|
|move|p2a: Tauros|Body Slam|p1a: Exeggutor
|-crit|p1a: Exeggutor
|-damage|p1a: Exeggutor|65/393
|-status|p1a: Exeggutor|par
|move|p1a: Exeggutor|Psychic|p2a: Tauros
|-damage|p2a: Tauros|210/353
|
|upkeep
|turn|38
|
|move|p2a: Tauros|Body Slam|p1a: Exeggutor
|-crit|p1a: Exeggutor
|-damage|p1a: Exeggutor|0 fnt
|faint|p1a: Exeggutor
|
|switch|p1a: Tauros|Tauros|353/353
|turn|39
|
|move|p2a: Tauros|Body Slam|p1a: Tauros
|-damage|p1a: Tauros|251/353
|move|p1a: Tauros|Body Slam|p2a: Tauros
|-damage|p2a: Tauros|111/353
|
|upkeep
|turn|40
|
|switch|p2a: Chansey|Chansey|554/703 frz
|move|p1a: Tauros|Fire Blast|p2a: Chansey|[miss]
|-miss|p1a: Tauros
|
|upkeep
|turn|41
|c|☆M-Kaz|en vrai
|c|☆M-Kaz|mute tout le monde c'est top
|c|☆M-Kaz|j'imagine les singes là
|c|☆M-Kaz|allez encore 2 3 week
|c|☆M-Kaz|et c'est fini
|
|move|p1a: Tauros|Body Slam|p2a: Chansey
|-damage|p2a: Chansey|265/703 frz
|cant|p2a: Chansey|frz
|
|upkeep
|turn|42
|j| Snowy❄FRZ
|
|move|p1a: Tauros|Body Slam|p2a: Chansey
|-crit|p2a: Chansey
|-damage|p2a: Chansey|0 fnt
|faint|p2a: Chansey
|j| Dr Nibs
|
|switch|p2a: Exeggutor|Exeggutor|393/393
|turn|43
|
|switch|p1a: Chansey|Chansey|540/703
|move|p2a: Exeggutor|Psychic|p1a: Chansey
|-damage|p1a: Chansey|417/703
|-unboost|p1a: Chansey|spd|1
|-unboost|p1a: Chansey|spa|1
|
|upkeep
|turn|44
|
|move|p2a: Exeggutor|Sleep Powder|p1a: Chansey
|-status|p1a: Chansey|slp|[from] move: Sleep Powder
|-curestatus|p1a: Chansey|slp|[msg]
|
|upkeep
|turn|45
|c|☆M-Kaz|AIDEZ MOI
|c|☆M-Kaz|AIDEZ LE NORD
|
|move|p2a: Exeggutor|Sleep Powder|p1a: Chansey|[miss]
|-miss|p2a: Exeggutor
|move|p1a: Chansey|Thunder Wave|p2a: Exeggutor
|-status|p2a: Exeggutor|par
|
|upkeep
|turn|46
|l| Dr Nibs
|c|☆Same4youtwo|Je suis tellement plié en deux
|
|move|p1a: Chansey|Ice Beam|p2a: Exeggutor
|-supereffective|p2a: Exeggutor
|-damage|p2a: Exeggutor|305/393 par
|cant|p2a: Exeggutor|par
|
|upkeep
|turn|47
|c|☆Same4youtwo|Jui désolé mais c'est hilarant
|
|switch|p1a: Alakazam|Alakazam|113/313 par
|move|p2a: Exeggutor|Sleep Powder|p1a: Alakazam
|-fail|p1a: Alakazam
|
|upkeep
|turn|48
|c|☆M-Kaz|c'est horrible
|c|☆M-Kaz|comment on peut choke a chaque tour
|c|☆M-Kaz|et s'en sortir
|
|move|p1a: Alakazam|Recover|p1a: Alakazam
|-heal|p1a: Alakazam|269/313 par
|move|p2a: Exeggutor|Psychic|p1a: Alakazam
|-resisted|p1a: Alakazam
|-damage|p1a: Alakazam|222/313 par
|-unboost|p1a: Alakazam|spd|1
|-unboost|p1a: Alakazam|spa|1
|
|upkeep
|turn|49
|
|move|p2a: Exeggutor|Psychic|p1a: Alakazam
|-resisted|p1a: Alakazam
|-damage|p1a: Alakazam|144/313 par
|cant|p1a: Alakazam|par
|
|upkeep
|turn|50
|
|switch|p1a: Chansey|Chansey|417/703
|move|p2a: Exeggutor|Sleep Powder|p1a: Chansey
|-status|p1a: Chansey|slp|[from] move: Sleep Powder
|
|upkeep
|turn|51
|
|switch|p1a: Zapdos|Zapdos|383/383
|switch|p2a: Tauros|Tauros|111/353
|
|upkeep
|turn|52
|
|move|p2a: Tauros|Blizzard|p1a: Zapdos
|-crit|p1a: Zapdos
|-supereffective|p1a: Zapdos
|-damage|p1a: Zapdos|118/383
|move|p1a: Zapdos|Thunderbolt|p2a: Tauros
|-damage|p2a: Tauros|0 fnt
|faint|p2a: Tauros
|
|switch|p2a: Alakazam|Alakazam|213/313 par
|turn|53
|j| Mindnight
|j| Light Anime
|
|switch|p1a: Chansey|Chansey|417/703 slp
|move|p2a: Alakazam|Thunder Wave|p1a: Chansey
|-fail|p1a: Chansey
|
|upkeep
|turn|54
|
|-curestatus|p1a: Chansey|slp|[msg]
|move|p2a: Alakazam|Psychic|p1a: Chansey
|-damage|p1a: Chansey|286/703
|
|upkeep
|turn|55
|
|move|p1a: Chansey|Soft-Boiled|p1a: Chansey
|-heal|p1a: Chansey|637/703
|move|p2a: Alakazam|Thunder Wave|p1a: Chansey
|-status|p1a: Chansey|par
|
|upkeep
|turn|56
|
|move|p2a: Alakazam|Recover|p2a: Alakazam
|-heal|p2a: Alakazam|313/313 par
|move|p1a: Chansey|Thunderbolt|p2a: Alakazam
|-damage|p2a: Alakazam|245/313 par
|
|upkeep
|turn|57
|
|move|p2a: Alakazam|Psychic|p1a: Chansey
|-crit|p1a: Chansey
|-damage|p1a: Chansey|403/703 par
|-unboost|p1a: Chansey|spd|1
|-unboost|p1a: Chansey|spa|1
|move|p1a: Chansey|Thunderbolt|p2a: Alakazam
|-damage|p2a: Alakazam|201/313 par
|
|upkeep
|turn|58
|
|move|p2a: Alakazam|Recover|p2a: Alakazam
|-heal|p2a: Alakazam|313/313 par
|move|p1a: Chansey|Soft-Boiled|p1a: Chansey
|-heal|p1a: Chansey|703/703 par
|
|upkeep
|turn|59
|
|cant|p2a: Alakazam|par
|move|p1a: Chansey|Thunder Wave|p2a: Alakazam
|-fail|p2a: Alakazam|par
|
|upkeep
|turn|60
|
|switch|p1a: Alakazam|Alakazam|144/313 par
|cant|p2a: Alakazam|par
|
|upkeep
|turn|61
|
|cant|p1a: Alakazam|par
|move|p2a: Alakazam|Seismic Toss|p1a: Alakazam
|-damage|p1a: Alakazam|44/313 par
|
|upkeep
|turn|62
|
|move|p2a: Alakazam|Psychic|p1a: Alakazam
|-crit|p1a: Alakazam
|-resisted|p1a: Alakazam
|-damage|p1a: Alakazam|0 fnt
|faint|p1a: Alakazam
|c|☆M-Kaz|stop
|c|☆M-Kaz|stooop
|c|☆M-Kaz|je veux me barrer
|
|switch|p1a: Chansey|Chansey|703/703 par
|turn|63
|l| Mindnight
|
|cant|p2a: Alakazam|par
|move|p1a: Chansey|Thunderbolt|p2a: Alakazam
|-damage|p2a: Alakazam|252/313 par
|
|upkeep
|turn|64
|
|move|p2a: Alakazam|Psychic|p1a: Chansey
|-damage|p1a: Chansey|579/703 par
|move|p1a: Chansey|Thunderbolt|p2a: Alakazam
|-damage|p2a: Alakazam|188/313 par
|
|upkeep
|turn|65
|
|switch|p1a: Tauros|Tauros|251/353
|move|p2a: Alakazam|Recover|p2a: Alakazam
|-heal|p2a: Alakazam|313/313 par
|
|upkeep
|turn|66
|
|switch|p1a: Chansey|Chansey|579/703 par
|move|p2a: Alakazam|Thunder Wave|p1a: Chansey
|-fail|p1a: Chansey|par
|
|upkeep
|turn|67
|
|move|p2a: Alakazam|Seismic Toss|p1a: Chansey
|-damage|p1a: Chansey|479/703 par
|move|p1a: Chansey|Thunderbolt|p2a: Alakazam
|-damage|p2a: Alakazam|248/313 par
|
|upkeep
|turn|68
|
|move|p2a: Alakazam|Recover|p2a: Alakazam
|-heal|p2a: Alakazam|313/313 par
|move|p1a: Chansey|Soft-Boiled|p1a: Chansey
|-heal|p1a: Chansey|703/703 par
|
|upkeep
|turn|69
|
|cant|p2a: Alakazam|par
|move|p1a: Chansey|Thunderbolt|p2a: Alakazam
|-damage|p2a: Alakazam|253/313 par
|
|upkeep
|turn|70
|
|switch|p1a: Tauros|Tauros|251/353
|cant|p2a: Alakazam|par
|
|upkeep
|turn|71
|j| riiion
|
|move|p1a: Tauros|Hyper Beam|p2a: Alakazam
|-damage|p2a: Alakazam|0 fnt
|faint|p2a: Alakazam
|c| riiion|Allez allez kaz
|-message|M-Kaz forfeited.
|
|win|Same4youtwo
|l|☆M-Kaz
|l| Snowy❄FRZ
|l| un nouveau depart!
|l| Frrf
|l| Staxi
|l| Rokhan
|l| Michy47
|l| BlazingDark =)
|l| riiion
|l| Zokuru
|player|p1|Same4youtwo|101
