|j|☆floxo
|j|☆EMIL_OLBERG
|player|p1|floxo|249
|player|p2|EMIL_OLBERG|29
|teamsize|p1|6
|teamsize|p2|6
|gametype|singles
|gen|1
|tier|[Gen 1] OU
|rated|
|rule|Sleep Clause Mod: Limit one foe put to sleep
|rule|Freeze Clause Mod: Limit one foe frozen
|rule|Species Clause: Limit one of each Pokémon
|rule|OHKO Clause: OHKO moves are banned
|rule|Evasion Moves Clause: Evasion moves are banned
|rule|HP Percentage Mod: HP is shown in percentages
|
|start
|switch|p1a: Alakazam|Alakazam|313/313
|switch|p2a: Alakazam|Alakazam|313/313
|turn|1
|inactive|Battle timer is ON: inactive players will automatically lose when time's up. (requested by EMIL_OLBERG)
|
|move|p1a: Alakazam|Thunder Wave|p2a: Alakazam
|-status|p2a: Alakazam|par
|move|p2a: Alakazam|Thunder Wave|p1a: Alakazam
|-status|p1a: Alakazam|par
|
|upkeep
|turn|2
|
|move|p1a: Alakazam|Seismic Toss|p2a: Alakazam
|-damage|p2a: Alakazam|213/313 par
|move|p2a: Alakazam|Psychic|p1a: Alakazam
|-resisted|p1a: Alakazam
|-damage|p1a: Alakazam|262/313 par
|
|upkeep
|turn|3
|
|move|p1a: Alakazam|Seismic Toss|p2a: Alakazam
|-damage|p2a: Alakazam|113/313 par
|cant|p2a: Alakazam|par
|
|upkeep
|turn|4
|
|cant|p1a: Alakazam|par
|move|p2a: Alakazam|Recover|p2a: Alakazam
|-heal|p2a: Alakazam|269/313 par
|
|upkeep
|turn|5
|
|cant|p1a: Alakazam|par
|move|p2a: Alakazam|Psychic|p1a: Alakazam
|-resisted|p1a: Alakazam
|-damage|p1a: Alakazam|211/313 par
|-unboost|p1a: Alakazam|spd|1
|-unboost|p1a: Alakazam|spa|1
|
|upkeep
|turn|6
|
|move|p2a: Alakazam|Psychic|p1a: Alakazam
|-crit|p1a: Alakazam
|-resisted|p1a: Alakazam
|-damage|p1a: Alakazam|108/313 par
|move|p1a: Alakazam|Seismic Toss|p2a: Alakazam
|-damage|p2a: Alakazam|169/313 par
|
|upkeep
|turn|7
|
|move|p2a: Alakazam|Psychic|p1a: Alakazam
|-resisted|p1a: Alakazam
|-damage|p1a: Alakazam|26/313 par
|move|p1a: Alakazam|Recover|p1a: Alakazam
|-heal|p1a: Alakazam|182/313 par
|
|upkeep
|turn|8
|
|move|p2a: Alakazam|Recover|p2a: Alakazam
|-heal|p2a: Alakazam|313/313 par
|cant|p1a: Alakazam|par
|
|upkeep
|turn|9
|
|cant|p2a: Alakazam|par
|move|p1a: Alakazam|Recover|p1a: Alakazam
|-heal|p1a: Alakazam|313/313 par
|
|upkeep
|turn|10
|
|move|p2a: Alakazam|Thunder Wave|p1a: Alakazam
|-fail|p1a: Alakazam|par
|cant|p1a: Alakazam|par
|
|upkeep
|turn|11
|
|cant|p2a: Alakazam|par
|move|p1a: Alakazam|Seismic Toss|p2a: Alakazam
|-damage|p2a: Alakazam|213/313 par
|
|upkeep
|turn|12
|
|move|p2a: Alakazam|Seismic Toss|p1a: Alakazam
|-damage|p1a: Alakazam|213/313 par
|move|p1a: Alakazam|Seismic Toss|p2a: Alakazam
|-damage|p2a: Alakazam|113/313 par
|
|upkeep
|turn|13
|j| Avtomat
|
|move|p2a: Alakazam|Recover|p2a: Alakazam
|-heal|p2a: Alakazam|269/313 par
|move|p1a: Alakazam|Seismic Toss|p2a: Alakazam
|-damage|p2a: Alakazam|169/313 par
|
|upkeep
|turn|14
|l| Avtomat
|
|move|p2a: Alakazam|Recover|p2a: Alakazam
|-heal|p2a: Alakazam|313/313 par
|cant|p1a: Alakazam|par
|
|upkeep
|turn|15
|
|move|p2a: Alakazam|Seismic Toss|p1a: Alakazam
|-damage|p1a: Alakazam|113/313 par
|move|p1a: Alakazam|Seismic Toss|p2a: Alakazam
|-damage|p2a: Alakazam|213/313 par
|
|upkeep
|turn|16
|
|move|p2a: Alakazam|Seismic Toss|p1a: Alakazam
|-damage|p1a: Alakazam|13/313 par
|cant|p1a: Alakazam|par
|
|upkeep
|turn|17
|
|move|p2a: Alakazam|Psychic|p1a: Alakazam
|-resisted|p1a: Alakazam
|-damage|p1a: Alakazam|0 fnt
|faint|p1a: Alakazam
|
|switch|p1a: Tauros|Tauros|353/353
|turn|18
|
|switch|p2a: Exeggutor|Exeggutor|393/393
|move|p1a: Tauros|Hyper Beam|p2a: Exeggutor
|-damage|p2a: Exeggutor|194/393
|-mustrecharge|p1a: Tauros
|
|upkeep
|turn|19
|
|cant|p1a: Tauros|recharge
|move|p2a: Exeggutor|Sleep Powder|p1a: Tauros
|-status|p1a: Tauros|slp|[from] move: Sleep Powder
|
|upkeep
|turn|20
|
|-curestatus|p1a: Tauros|slp|[msg]
|move|p2a: Exeggutor|Psychic|p1a: Tauros
|-crit|p1a: Tauros
|-damage|p1a: Tauros|51/353
|
|upkeep
|turn|21
|
|switch|p1a: Chansey|Chansey|703/703
|move|p2a: Exeggutor|Psychic|p1a: Chansey
|-damage|p1a: Chansey|581/703
|-unboost|p1a: Chansey|spd|1
|-unboost|p1a: Chansey|spa|1
|
|upkeep
|turn|22
|
|move|p2a: Exeggutor|Sleep Powder|p1a: Chansey|[miss]
|-miss|p2a: Exeggutor
|move|p1a: Chansey|Seismic Toss|p2a: Exeggutor
|-damage|p2a: Exeggutor|94/393
|
|upkeep
|turn|23
|
|move|p2a: Exeggutor|Sleep Powder|p1a: Chansey|[miss]
|-miss|p2a: Exeggutor
|move|p1a: Chansey|Seismic Toss|p2a: Exeggutor
|-damage|p2a: Exeggutor|0 fnt
|faint|p2a: Exeggutor
|
|switch|p2a: Alakazam|Alakazam|213/313 par
|turn|24
|
|switch|p1a: Tauros|Tauros|51/353
|move|p2a: Alakazam|Thunder Wave|p1a: Tauros
|-status|p1a: Tauros|par
|
|upkeep
|turn|25
|
|move|p2a: Alakazam|Psychic|p1a: Tauros
|-crit|p1a: Tauros
|-damage|p1a: Tauros|0 fnt
|faint|p1a: Tauros
|
|switch|p1a: Snorlax|Snorlax|523/523
|turn|26
|
|switch|p2a: Snorlax|Snorlax|523/523
|move|p1a: Snorlax|Body Slam|p2a: Snorlax
|-damage|p2a: Snorlax|395/523
|
|upkeep
|turn|27
|
|move|p2a: Snorlax|Self-Destruct|p1a: Snorlax
|-damage|p1a: Snorlax|73/523
|faint|p2a: Snorlax
|
|switch|p2a: Tauros|Tauros|353/353
|turn|28
|
|switch|p1a: Chansey|Chansey|581/703
|move|p2a: Tauros|Body Slam|p1a: Chansey
|-damage|p1a: Chansey|293/703
|
|upkeep
|turn|29
|
|move|p2a: Tauros|Hyper Beam|p1a: Chansey
|-damage|p1a: Chansey|0 fnt
|faint|p1a: Chansey
|
|switch|p1a: Snorlax|Snorlax|73/523
|turn|30
|
|move|p2a: Tauros|Body Slam|p1a: Snorlax
|-damage|p1a: Snorlax|0 fnt
|faint|p1a: Snorlax
|
|switch|p1a: Zapdos|Zapdos|383/383
|turn|31
|
|switch|p2a: Chansey|Chansey|703/703
|move|p1a: Zapdos|Thunder Wave|p2a: Chansey
|-status|p2a: Chansey|par
|
|upkeep
|turn|32
|
|switch|p1a: Exeggutor|Exeggutor|393/393
|move|p2a: Chansey|Thunder Wave|p1a: Exeggutor
|-status|p1a: Exeggutor|par
|
|upkeep
|turn|33
|
|switch|p2a: Alakazam|Alakazam|213/313 par
|cant|p1a: Exeggutor|par
|
|upkeep
|turn|34
|
|cant|p2a: Alakazam|par
|cant|p1a: Exeggutor|par
|
|upkeep
|turn|35
|
|move|p2a: Alakazam|Seismic Toss|p1a: Exeggutor
|-damage|p1a: Exeggutor|293/393 par
|cant|p1a: Exeggutor|par
|
|upkeep
|turn|36
|
|move|p2a: Alakazam|Seismic Toss|p1a: Exeggutor
|-damage|p1a: Exeggutor|193/393 par
|move|p1a: Exeggutor|Hyper Beam|p2a: Alakazam
|-damage|p2a: Alakazam|34/313 par
|-mustrecharge|p1a: Exeggutor
|
|upkeep
|turn|37
|
|move|p2a: Alakazam|Seismic Toss|p1a: Exeggutor
|-damage|p1a: Exeggutor|93/393 par
|cant|p1a: Exeggutor|recharge
|
|upkeep
|turn|38
|
|cant|p2a: Alakazam|par
|move|p1a: Exeggutor|Hyper Beam|p2a: Alakazam
|-damage|p2a: Alakazam|0 fnt
|faint|p2a: Alakazam
|
|switch|p2a: Zapdos|Zapdos|383/383
|turn|39
|
|move|p2a: Zapdos|Drill Peck|p1a: Exeggutor
|-supereffective|p1a: Exeggutor
|-damage|p1a: Exeggutor|0 fnt
|faint|p1a: Exeggutor
|
|switch|p1a: Zapdos|Zapdos|383/383
|turn|40
|
|move|p1a: Zapdos|Thunder Wave|p2a: Zapdos
|-status|p2a: Zapdos|par
|cant|p2a: Zapdos|par
|
|upkeep
|turn|41
|
|move|p1a: Zapdos|Thunderbolt|p2a: Zapdos
|-crit|p2a: Zapdos
|-damage|p2a: Zapdos|169/383 par
|move|p2a: Zapdos|Thunder Wave|p1a: Zapdos
|-status|p1a: Zapdos|par
|
|upkeep
|turn|42
|
|cant|p1a: Zapdos|par
|move|p2a: Zapdos|Thunderbolt|p1a: Zapdos
|-damage|p1a: Zapdos|266/383 par
|
|upkeep
|turn|43
|
|cant|p1a: Zapdos|par
|cant|p2a: Zapdos|par
|
|upkeep
|turn|44
|
|move|p1a: Zapdos|Thunderbolt|p2a: Zapdos
|-damage|p2a: Zapdos|49/383 par
|move|p2a: Zapdos|Thunderbolt|p1a: Zapdos
|-damage|p1a: Zapdos|148/383 par
|
|upkeep
|turn|45
|
|move|p1a: Zapdos|Thunderbolt|p2a: Zapdos
|-damage|p2a: Zapdos|0 fnt
|faint|p2a: Zapdos
|
|switch|p2a: Tauros|Tauros|353/353
|turn|46
|
|move|p2a: Tauros|Hyper Beam|p1a: Zapdos
|-damage|p1a: Zapdos|0 fnt
|faint|p1a: Zapdos
|
|win|EMIL_OLBERG
|l|☆floxo
