|j|☆alanofthesmithee
|j|☆EMIL_OLBERG
|player|p1|alanofthesmithee|126
|player|p2|EMIL_OLBERG|29
|teamsize|p1|6
|teamsize|p2|6
|gametype|singles
|gen|1
|tier|[Gen 1] OU
|rated|
|rule|Sleep Clause Mod: Limit one foe put to sleep
|rule|Freeze Clause Mod: Limit one foe frozen
|rule|Species Clause: Limit one of each Pokémon
|rule|OHKO Clause: OHKO moves are banned
|rule|Evasion Moves Clause: Evasion moves are banned
|rule|HP Percentage Mod: HP is shown in percentages
|
|start
|switch|p1a: Validus|Dragonite|385/385
|switch|p2a: Starmie|Starmie|323/323
|turn|1
|inactive|Battle timer is ON: inactive players will automatically lose when time's up. (requested by EMIL_OLBERG)
|
|switch|p1a: Eggbert|Exeggutor|393/393
|move|p2a: Starmie|Blizzard|p1a: Eggbert
|-supereffective|p1a: Eggbert
|-damage|p1a: Eggbert|239/393
|
|upkeep
|turn|2
|
|switch|p2a: Exeggutor|Exeggutor|393/393
|move|p1a: Eggbert|Sleep Powder|p2a: Exeggutor
|-status|p2a: Exeggutor|slp|[from] move: Sleep Powder
|
|upkeep
|turn|3
|
|switch|p1a: Validus|Dragonite|385/385
|switch|p2a: Chansey|Chansey|703/703
|
|upkeep
|turn|4
|
|move|p1a: Validus|Agility|p1a: Validus
|-boost|p1a: Validus|spe|2
|move|p2a: Chansey|Ice Beam|p1a: Validus
|-supereffective|p1a: Validus
|-damage|p1a: Validus|63/385
|
|upkeep
|turn|5
|
|move|p1a: Validus|Hyper Beam|p2a: Chansey
|-damage|p2a: Chansey|279/703
|-mustrecharge|p1a: Validus
|move|p2a: Chansey|Ice Beam|p1a: Validus
|-supereffective|p1a: Validus
|-damage|p1a: Validus|0 fnt
|faint|p1a: Validus
|
|switch|p1a: Lunchbox|Snorlax|523/523
|turn|6
|
|switch|p2a: Starmie|Starmie|323/323
|move|p1a: Lunchbox|Hyper Beam|p2a: Starmie
|-damage|p2a: Starmie|116/323
|-mustrecharge|p1a: Lunchbox
|
|upkeep
|turn|7
|
|move|p2a: Starmie|Thunder Wave|p1a: Lunchbox
|-status|p1a: Lunchbox|par
|cant|p1a: Lunchbox|recharge
|
|upkeep
|turn|8
|
|move|p2a: Starmie|Recover|p2a: Starmie
|-heal|p2a: Starmie|277/323
|move|p1a: Lunchbox|Hyper Beam|p2a: Starmie
|-damage|p2a: Starmie|82/323
|-mustrecharge|p1a: Lunchbox
|
|upkeep
|turn|9
|
|move|p2a: Starmie|Recover|p2a: Starmie
|-heal|p2a: Starmie|243/323
|cant|p1a: Lunchbox|recharge
|
|upkeep
|turn|10
|inactive|EMIL_OLBERG has 120 seconds left.
|
|move|p2a: Starmie|Psychic|p1a: Lunchbox
|-damage|p1a: Lunchbox|392/523 par
|cant|p1a: Lunchbox|par
|
|upkeep
|turn|11
|
|move|p2a: Starmie|Psychic|p1a: Lunchbox
|-crit|p1a: Lunchbox
|-damage|p1a: Lunchbox|127/523 par
|-unboost|p1a: Lunchbox|spd|1
|-unboost|p1a: Lunchbox|spa|1
|move|p1a: Lunchbox|Substitute|p1a: Lunchbox
|-fail|p1a: Lunchbox|move: Substitute|[weak]
|
|upkeep
|turn|12
|
|move|p2a: Starmie|Psychic|p1a: Lunchbox
|-damage|p1a: Lunchbox|0 fnt
|faint|p1a: Lunchbox
|
|switch|p1a: ELO|Zapdos|383/383
|turn|13
|
|switch|p2a: Rhydon|Rhydon|413/413
|move|p1a: ELO|Thunderbolt|p2a: Rhydon
|-immune|p2a: Rhydon
|
|upkeep
|turn|14
|
|switch|p1a: Brainwashed|Slowbro|393/393
|move|p2a: Rhydon|Substitute|p2a: Rhydon
|-start|p2a: Rhydon|Substitute
|-damage|p2a: Rhydon|310/413
|
|upkeep
|turn|15
|inactive|EMIL_OLBERG has 120 seconds left.
|
|move|p2a: Rhydon|Earthquake|p1a: Brainwashed
|-damage|p1a: Brainwashed|251/393
|move|p1a: Brainwashed|Surf|p2a: Rhydon
|-supereffective|p2a: Rhydon
|-end|p2a: Rhydon|Substitute
|
|upkeep
|turn|16
|inactive|EMIL_OLBERG has 120 seconds left.
|-message|alanofthesmithee forfeited.
|
|win|EMIL_OLBERG
|l|☆alanofthesmithee
||Ladder (probably) updated, but score could not be retrieved (Response not received).
