|j|☆kilimina
|j|☆Gatubraz
|player|p1|kilimina|172
|player|p2|Gatubraz|169
|teamsize|p1|6
|teamsize|p2|6
|gametype|singles
|gen|1
|tier|[Gen 1] OU
|rule|Sleep Clause Mod: Limit one foe put to sleep
|rule|Freeze Clause Mod: Limit one foe frozen
|rule|Species Clause: Limit one of each Pokémon
|rule|OHKO Clause: OHKO moves are banned
|rule|Evasion Moves Clause: Evasion moves are banned
|rule|HP Percentage Mod: HP is shown in percentages
|
|start
|switch|p1a: Articuno|Articuno|383/383
|switch|p2a: Raticate|Raticate|313/313
|turn|1
|c|☆Gatubraz|Gl hf
|c|☆kilimina|good haxx have luck
|c|☆Gatubraz|Mdr
|c|☆Gatubraz|Gh hl
|
|move|p2a: Raticate|Super Fang|p1a: Articuno
|-damage|p1a: Articuno|192/383
|move|p1a: Articuno|Blizzard|p2a: Raticate
|-damage|p2a: Raticate|50/313
|
|upkeep
|turn|2
|
|move|p2a: Raticate|Body Slam|p1a: Articuno
|-crit|p1a: Articuno
|-damage|p1a: Articuno|30/383
|-status|p1a: Articuno|par
|move|p1a: Articuno|Agility|p1a: Articuno
|-boost|p1a: Articuno|spe|2
|
|upkeep
|turn|3
|c|☆Gatubraz|Ah me agility
|
|switch|p2a: Jynx|Jynx|333/333
|move|p1a: Articuno|Bubble Beam|p2a: Jynx
|-damage|p2a: Jynx|271/333
|-unboost|p2a: Jynx|spe|1
|
|upkeep
|turn|4
|
|move|p1a: Articuno|Double-Edge|p2a: Jynx
|-damage|p2a: Jynx|143/333
|-damage|p1a: Articuno|0 fnt|[from] Recoil|[of] p2a: Jynx
|faint|p1a: Articuno
|c|☆kilimina|lulz
|c|☆Gatubraz|MERDE
|c|☆Gatubraz|LES SURNOMS
|
|switch|p1a: Flareon|Flareon|333/333
|turn|5
|c|☆Gatubraz|:'(
|c|☆kilimina|ou bah trop tard
|c|☆kilimina|trop de haxx en debut de game pour qu'on soit capable de facilement le reproduire
|
|switch|p2a: Golem|Golem|363/363
|move|p1a: Flareon|Fire Blast|p2a: Golem
|-resisted|p2a: Golem
|-damage|p2a: Golem|258/363
|
|upkeep
|turn|6
|
|switch|p1a: Venusaur|Venusaur|363/363
|move|p2a: Golem|Substitute|p2a: Golem
|-start|p2a: Golem|Substitute
|-damage|p2a: Golem|168/363
|
|upkeep
|turn|7
|
|move|p1a: Venusaur|Razor Leaf|p2a: Golem
|-crit|p2a: Golem
|-supereffective|p2a: Golem
|-end|p2a: Golem|Substitute
|move|p2a: Golem|Earthquake|p1a: Venusaur
|-damage|p1a: Venusaur|230/363
|
|upkeep
|turn|8
|
|switch|p2a: Dragonair|Dragonair|325/325
|move|p1a: Venusaur|Sleep Powder|p2a: Dragonair
|-status|p2a: Dragonair|slp|[from] move: Sleep Powder
|
|upkeep
|turn|9
|
|switch|p1a: Nidoking|Nidoking|365/365
|switch|p2a: Raticate|Raticate|50/313
|
|upkeep
|turn|10
|
|move|p2a: Raticate|Body Slam|p1a: Nidoking
|-crit|p1a: Nidoking
|-damage|p1a: Nidoking|162/365
|move|p1a: Nidoking|Ice Beam|p2a: Raticate
|-damage|p2a: Raticate|0 fnt
|faint|p2a: Raticate
|
|switch|p2a: Jynx|Jynx|143/333
|turn|11
|
|move|p2a: Jynx|Psychic|p1a: Nidoking
|-crit|p1a: Nidoking
|-supereffective|p1a: Nidoking
|-damage|p1a: Nidoking|0 fnt
|faint|p1a: Nidoking
|
|switch|p1a: Flareon|Flareon|333/333
|turn|12
|
|switch|p2a: Golduck|Golduck|363/363
|move|p1a: Flareon|Body Slam|p2a: Golduck
|-damage|p2a: Golduck|271/363
|
|upkeep
|turn|13
|
|switch|p1a: Magneton|Magneton|303/303
|move|p2a: Golduck|Amnesia|p2a: Golduck
|-boost|p2a: Golduck|spd|2
|-boost|p2a: Golduck|spa|2
|
|upkeep
|turn|14
|
|move|p2a: Golduck|Surf|p1a: Magneton
|-crit|p1a: Magneton
|-damage|p1a: Magneton|140/303
|move|p1a: Magneton|Thunder Wave|p2a: Golduck
|-status|p2a: Golduck|par
|
|upkeep
|turn|15
|c|☆Gatubraz|Mdr
|c|☆Gatubraz|Quand le crit ne t'arrange pas
|
|move|p1a: Magneton|Mimic|p2a: Golduck
|-start|p1a: Magneton|Mimic|Rest
|cant|p2a: Golduck|par
|
|upkeep
|turn|16
|c|☆kilimina|?
|c|☆kilimina|moi qui voulais un magneton amnesia...
|c|☆Gatubraz|En gen 1 si tu crit et que t'es boosté le crit est pas pris en compte
|
|switch|p2a: Golem|Golem|168/363
|move|p1a: Magneton|Thunderbolt|p2a: Golem
|-immune|p2a: Golem
|
|upkeep
|turn|17
|c|☆kilimina|ah ui c'est vrai
|
|switch|p1a: Slowbro|Slowbro|393/393
|switch|p2a: Dragonair|Dragonair|325/325 slp
|
|upkeep
|turn|18
|
|switch|p2a: Golem|Golem|168/363
|move|p1a: Slowbro|Fire Blast|p2a: Golem
|-resisted|p2a: Golem
|-damage|p2a: Golem|113/363
|
|upkeep
|turn|19
|
|move|p2a: Golem|Explosion|p1a: Slowbro
|-damage|p1a: Slowbro|145/393
|faint|p2a: Golem
|
|switch|p2a: Electabuzz|Electabuzz|333/333
|turn|20
|c|☆kilimina|no parasect?
|c|☆kilimina|decu...
|
|switch|p1a: Venusaur|Venusaur|230/363
|move|p2a: Electabuzz|Thunderbolt|p1a: Venusaur
|-resisted|p1a: Venusaur
|-damage|p1a: Venusaur|179/363
|
|upkeep
|turn|21
|
|move|p2a: Electabuzz|Psychic|p1a: Venusaur
|-supereffective|p1a: Venusaur
|-damage|p1a: Venusaur|50/363
|move|p1a: Venusaur|Razor Leaf|p2a: Electabuzz|[miss]
|-miss|p1a: Venusaur
|
|upkeep
|turn|22
|c|☆Gatubraz|Désolé :c
|
|move|p2a: Electabuzz|Psychic|p1a: Venusaur
|-supereffective|p1a: Venusaur
|-damage|p1a: Venusaur|0 fnt
|faint|p1a: Venusaur
|
|switch|p1a: Flareon|Flareon|333/333
|turn|23
|
|move|p2a: Electabuzz|Thunder Wave|p1a: Flareon
|-status|p1a: Flareon|par
|move|p1a: Flareon|Fire Blast|p2a: Electabuzz
|-damage|p2a: Electabuzz|158/333
|
|upkeep
|turn|24
|
|switch|p2a: Golduck|Golduck|271/363 par
|move|p1a: Flareon|Body Slam|p2a: Golduck
|-damage|p2a: Golduck|171/363 par
|
|upkeep
|turn|25
|
|switch|p1a: Magneton|Magneton|140/303
|move|p2a: Golduck|Surf|p1a: Magneton
|-damage|p1a: Magneton|52/303
|
|upkeep
|turn|26
|
|switch|p2a: Jynx|Jynx|143/333
|move|p1a: Magneton|Rest|p1a: Magneton
|-status|p1a: Magneton|slp|[from] move: Rest
|-heal|p1a: Magneton|303/303 slp|[silent]
|
|upkeep
|turn|27
|
|move|p2a: Jynx|Psychic|p1a: Magneton
|-damage|p1a: Magneton|217/303 slp
|cant|p1a: Magneton|slp
|
|upkeep
|turn|28
|
|move|p2a: Jynx|Psychic|p1a: Magneton
|-damage|p1a: Magneton|122/303 slp
|-unboost|p1a: Magneton|spd|1
|-unboost|p1a: Magneton|spa|1
|-curestatus|p1a: Magneton|slp|[msg]
|
|upkeep
|turn|29
|c|☆kilimina|arf
|
|switch|p1a: Slowbro|Slowbro|145/393
|move|p2a: Jynx|Psychic|p1a: Slowbro
|-resisted|p1a: Slowbro
|-damage|p1a: Slowbro|83/393
|
|upkeep
|turn|30
|c|☆Gatubraz|30%^^
|
|move|p2a: Jynx|Lovely Kiss|p1a: Slowbro|[miss]
|-miss|p2a: Jynx
|move|p1a: Slowbro|Thunder Wave|p2a: Jynx
|-status|p2a: Jynx|par
|
|upkeep
|turn|31
|
|move|p1a: Slowbro|Rest|p1a: Slowbro
|-status|p1a: Slowbro|slp|[from] move: Rest
|-heal|p1a: Slowbro|393/393 slp|[silent]
|move|p2a: Jynx|Lovely Kiss|p1a: Slowbro|[miss]
|-miss|p2a: Jynx
|
|upkeep
|turn|32
|c|☆Gatubraz|:'(
|
|switch|p2a: Electabuzz|Electabuzz|158/333
|cant|p1a: Slowbro|slp
|
|upkeep
|turn|33
|c|☆kilimina|25%
|
|switch|p1a: Flareon|Flareon|333/333 par
|move|p2a: Electabuzz|Thunderbolt|p1a: Flareon
|-damage|p1a: Flareon|235/333 par
|
|upkeep
|turn|34
|c|☆Gatubraz|Eh ouais x)
|j| Oehp
|inactive|Battle timer is ON: inactive players will automatically lose when time's up. (requested by kilimina)
|c|☆kilimina|LA PRESSION
|c|☆kilimina|OULALA
|c|☆Gatubraz|OHHH
|
|switch|p2a: Dragonair|Dragonair|325/325 slp
|move|p1a: Flareon|Fire Blast|p2a: Dragonair
|-crit|p2a: Dragonair
|-resisted|p2a: Dragonair
|-damage|p2a: Dragonair|145/325 slp
|
|upkeep
|turn|35
|c| Oehp|slowbro est toujours en vie :/
|
|switch|p1a: Magneton|Magneton|122/303
|cant|p2a: Dragonair|slp
|
|upkeep
|turn|36
|j| Chrycks
|
|move|p1a: Magneton|Mimic|p2a: Dragonair
|-start|p1a: Magneton|Mimic|Thunderbolt
|-curestatus|p2a: Dragonair|slp|[msg]
|
|upkeep
|turn|37
|j| Butterchoke
|c| Chrycks|KILL SLOWBRO
|
|move|p2a: Dragonair|Thunder Wave|p1a: Magneton
|-status|p1a: Magneton|par
|move|p1a: Magneton|Thunder Wave|p2a: Dragonair
|-status|p2a: Dragonair|par
|
|upkeep
|turn|38
|
|cant|p1a: Magneton|par
|move|p2a: Dragonair|Wrap|p1a: Magneton
|-crit|p1a: Magneton
|-damage|p1a: Magneton|102/303 par
|
|upkeep
|turn|39
|c| Oehp|TUE CE PUTAIN DE SLOWBRO
|
|move|p2a: Dragonair|Wrap|p1a: Magneton|[from]Wrap
|-damage|p1a: Magneton|82/303 par
|cant|p1a: Magneton|partiallytrapped
|
|upkeep
|turn|40
|c|☆Gatubraz|Jfais de mon mieux les gats
|c|☆Gatubraz|Gars
|
|cant|p1a: Magneton|partiallytrapped
|move|p2a: Dragonair|Wrap|p1a: Magneton|[from]Wrap
|-damage|p1a: Magneton|62/303 par
|
|upkeep
|turn|41
|
|cant|p1a: Magneton|partiallytrapped
|move|p2a: Dragonair|Wrap|p1a: Magneton|[from]Wrap
|-damage|p1a: Magneton|42/303 par
|
|upkeep
|turn|42
|
|move|p1a: Magneton|Rest|p1a: Magneton
|-status|p1a: Magneton|slp|[from] move: Rest
|-heal|p1a: Magneton|303/303 slp|[silent]
|cant|p2a: Dragonair|par
|
|upkeep
|turn|43
|c| Chrycks|NON
|c|☆Gatubraz|Fuck
|c| Chrycks|SPEEDTIE DE MERDE
|c|☆kilimina|YES
|c|☆kilimina|magneton le goat
|
|switch|p2a: Jynx|Jynx|143/333 par
|cant|p1a: Magneton|slp
|
|upkeep
|turn|44
|c| Chrycks|Je veux voir Slowbro crever
|
|move|p2a: Jynx|Psychic|p1a: Magneton
|-damage|p1a: Magneton|214/303 slp
|-unboost|p1a: Magneton|spd|1
|-unboost|p1a: Magneton|spa|1
|-curestatus|p1a: Magneton|slp|[msg]
|
|upkeep
|turn|45
|
|cant|p2a: Jynx|par
|move|p1a: Magneton|Thunderbolt|p2a: Jynx
|-crit|p2a: Jynx
|-damage|p2a: Jynx|0 fnt
|faint|p2a: Jynx
|c|☆kilimina|nice crit
|c|☆Gatubraz|Mais le lovelt kiss :'(
|c|☆Gatubraz|Sinon jcomprend pas pourquoi parfois jsuis olus rapide
|
|switch|p2a: Electabuzz|Electabuzz|158/333
|turn|46
|c| Chrycks|Jsp non plus j'crois c'est bugué la para
|c|☆kilimina|la para se déclenche avant?
|c|☆Gatubraz|Ouais
|c| Chrycks|Comme tout le reste en fait
|c|☆kilimina|genre etre para = prio + 1
|c|☆Gatubraz|Ah suremebt
|c|☆kilimina|c'est de la merde anw
|c|☆Gatubraz|Surement
|c| Chrycks|xD
|
|move|p2a: Electabuzz|Psychic|p1a: Magneton
|-damage|p1a: Magneton|128/303
|-unboost|p1a: Magneton|spd|1
|-unboost|p1a: Magneton|spa|1
|move|p1a: Magneton|Thunder Wave|p2a: Electabuzz
|-status|p2a: Electabuzz|par
|
|upkeep
|turn|47
|c| Oehp|gg;
|
|switch|p1a: Flareon|Flareon|235/333 par
|move|p2a: Electabuzz|Psychic|p1a: Flareon
|-crit|p1a: Flareon
|-damage|p1a: Flareon|110/333 par
|
|upkeep
|turn|48
|c|☆Gatubraz|Mdr c'est tellement pas finu
|inactive|kilimina has 270 seconds left.
|c|☆Gatubraz|Fini
|
|switch|p2a: Golduck|Golduck|171/363 par
|move|p1a: Flareon|Fire Blast|p2a: Golduck
|-resisted|p2a: Golduck
|-damage|p2a: Golduck|82/363 par
|
|upkeep
|turn|49
|c| Oehp|si t'as rest sur electivire
|c| Oehp|ok
|
|move|p2a: Golduck|Rest|p2a: Golduck
|-status|p2a: Golduck|slp|[from] move: Rest
|-heal|p2a: Golduck|363/363 slp|[silent]
|move|p1a: Flareon|Body Slam|p2a: Golduck
|-damage|p2a: Golduck|266/363 slp
|
|upkeep
|turn|50
|c| Oehp|sinon gl pour gagner contre bro
|
|switch|p1a: Magneton|Magneton|128/303
|cant|p2a: Golduck|slp
|
|upkeep
|turn|51
|c| Chrycks|c'est genre 80% de rng le rby
|
|move|p1a: Magneton|Thunderbolt|p2a: Golduck
|-crit|p2a: Golduck
|-supereffective|p2a: Golduck
|-damage|p2a: Golduck|0 fnt
|faint|p2a: Golduck
|c|☆Gatubraz|Fuck
|
|switch|p2a: Dragonair|Dragonair|145/325 par
|turn|52
|c|☆kilimina|on ne verra pas le magneton amnesia...
|c| Chrycks|mdrrr
|
|move|p1a: Magneton|Rest|p1a: Magneton
|-status|p1a: Magneton|slp|[from] move: Rest
|-heal|p1a: Magneton|303/303 slp|[silent]
|move|p2a: Dragonair|Blizzard|p1a: Magneton
|-damage|p1a: Magneton|235/303 slp
|
|upkeep
|turn|53
|c| Chrycks|tente le freeze
|
|cant|p1a: Magneton|slp
|move|p2a: Dragonair|Wrap|p1a: Magneton
|-damage|p1a: Magneton|224/303 slp
|
|upkeep
|turn|54
|c| Chrycks|only way
|c| Chrycks|mdr
|
|-curestatus|p1a: Magneton|slp|[msg]
|move|p2a: Dragonair|Wrap|p1a: Magneton|[from]Wrap
|-damage|p1a: Magneton|213/303
|
|upkeep
|turn|55
|
|cant|p1a: Magneton|partiallytrapped
|move|p2a: Dragonair|Wrap|p1a: Magneton|[from]Wrap
|-damage|p1a: Magneton|202/303
|
|upkeep
|turn|56
|
|move|p1a: Magneton|Thunderbolt|p2a: Dragonair
|-resisted|p2a: Dragonair
|-damage|p2a: Dragonair|61/325 par
|cant|p2a: Dragonair|par
|
|upkeep
|turn|57
|c|☆kilimina|gg
|c|☆Gatubraz|Gg
|c| Chrycks|ah gg
|
|move|p1a: Magneton|Thunderbolt|p2a: Dragonair
|-resisted|p2a: Dragonair
|-damage|p2a: Dragonair|0 fnt
|faint|p2a: Dragonair
|
|switch|p2a: Electabuzz|Electabuzz|158/333 par
|turn|58
|c|☆kilimina|enfin on sait jamais
|c| Chrycks|kili solide quand même
|
|move|p1a: Magneton|Thunderbolt|p2a: Electabuzz
|-crit|p2a: Electabuzz
|-resisted|p2a: Electabuzz
|-damage|p2a: Electabuzz|12/333 par
|move|p2a: Electabuzz|Thunder Wave|p1a: Magneton
|-status|p1a: Magneton|par
|
|upkeep
|turn|59
|c|☆Gatubraz|Allez
|c|☆Gatubraz|Mon derniere espoir
|c| Oehp|la remontée de killimina ?
|c|☆kilimina|full para incoming
|c|☆Gatubraz|C'est des full para
|
|cant|p2a: Electabuzz|par
|move|p1a: Magneton|Thunderbolt|p2a: Electabuzz
|-resisted|p2a: Electabuzz
|-damage|p2a: Electabuzz|0 fnt
|faint|p2a: Electabuzz
|
|win|kilimina
|c|☆Gatubraz|Mdrr
|c| Chrycks|mcrrr
|c|☆kilimina|full para pour moi ;
|l| Butterchoke
|c|☆Gatubraz|Ah les joies du rby x)
|c|☆kilimina|gg
|c|☆Gatubraz|Gg
