|j|☆PolarGuy
|j|☆Mikecoiff
|player|p1|PolarGuy|117
|player|p2|Mikecoiff|102
|teamsize|p1|6
|teamsize|p2|6
|gametype|singles
|gen|1
|tier|[Gen 1] OU
|rated|
|rule|Sleep Clause Mod: Limit one foe put to sleep
|rule|Freeze Clause Mod: Limit one foe frozen
|rule|Species Clause: Limit one of each Pokémon
|rule|OHKO Clause: OHKO moves are banned
|rule|Evasion Moves Clause: Evasion moves are banned
|rule|HP Percentage Mod: HP is shown in percentages
|
|start
|switch|p1a: Alakazam|Alakazam|313/313
|switch|p2a: Dirtto|Ditto|299/299
|turn|1
|
|move|p1a: Alakazam|Thunder Wave|p2a: Dirtto
|-status|p2a: Dirtto|par
|cant|p2a: Dirtto|par
|
|upkeep
|turn|2
|
|switch|p1a: Blastoise|Blastoise|361/361
|switch|p2a: Scyther|Scyther|343/343
|
|upkeep
|turn|3
|
|move|p2a: Scyther|Slash|p1a: Blastoise
|-crit|p1a: Blastoise
|-damage|p1a: Blastoise|243/361
|move|p1a: Blastoise|Ice Beam|p2a: Scyther
|-supereffective|p2a: Scyther
|-damage|p2a: Scyther|148/343
|
|upkeep
|turn|4
|
|move|p2a: Scyther|Slash|p1a: Blastoise
|-crit|p1a: Blastoise
|-damage|p1a: Blastoise|128/361
|move|p1a: Blastoise|Earthquake|p2a: Scyther
|-immune|p2a: Scyther
|
|upkeep
|turn|5
|
|move|p2a: Scyther|Slash|p1a: Blastoise
|-crit|p1a: Blastoise
|-damage|p1a: Blastoise|8/361
|move|p1a: Blastoise|Ice Beam|p2a: Scyther
|-supereffective|p2a: Scyther
|-damage|p2a: Scyther|0 fnt
|faint|p2a: Scyther
|
|switch|p2a: Explrode|Electrode|323/323
|turn|6
|c|☆Mikecoiff|hehehe
|
|move|p2a: Explrode|Explosion|p1a: Blastoise
|-damage|p1a: Blastoise|0 fnt
|faint|p1a: Blastoise
|faint|p2a: Explrode
|
|switch|p2a: Dirtto|Ditto|299/299 par
|switch|p1a: Zapdos|Zapdos|383/383
|turn|7
|
|move|p1a: Zapdos|Light Screen|p1a: Zapdos
|-start|p1a: Zapdos|Light Screen
|move|p2a: Dirtto|Transform|p1a: Zapdos
|-transform|p2a: Dirtto|p1a: Zapdos
|
|upkeep
|turn|8
|c|☆Mikecoiff|….
|
|move|p1a: Zapdos|Thunderbolt|p2a: Dirtto
|-damage|p2a: Dirtto|182/299 par
|move|p2a: Dirtto|Thunderbolt|p1a: Zapdos
|-damage|p1a: Zapdos|324/383
|
|upkeep
|turn|9
|
|move|p1a: Zapdos|Thunderbolt|p2a: Dirtto
|-damage|p2a: Dirtto|65/299 par
|move|p2a: Dirtto|Light Screen|p2a: Dirtto
|-start|p2a: Dirtto|Light Screen
|
|upkeep
|turn|10
|
|move|p1a: Zapdos|Thunderbolt|p2a: Dirtto
|-damage|p2a: Dirtto|5/299 par
|move|p2a: Dirtto|Thunderbolt|p1a: Zapdos
|-crit|p1a: Zapdos
|-damage|p1a: Zapdos|90/383
|
|upkeep
|turn|11
|
|move|p1a: Zapdos|Drill Peck|p2a: Dirtto
|-crit|p2a: Dirtto
|-resisted|p2a: Dirtto
|-damage|p2a: Dirtto|0 fnt
|faint|p2a: Dirtto
|
|switch|p2a: Golem|Golem|363/363
|turn|12
|
|switch|p1a: Jynx|Jynx|333/333
|move|p2a: Golem|Mega Kick|p1a: Jynx
|-damage|p1a: Jynx|163/333
|
|upkeep
|turn|13
|
|move|p1a: Jynx|Ice Beam|p2a: Golem
|-supereffective|p2a: Golem
|-damage|p2a: Golem|45/363
|-status|p2a: Golem|frz
|cant|p2a: Golem|frz
|
|upkeep
|turn|14
|
|move|p1a: Jynx|Psychic|p2a: Golem
|-crit|p2a: Golem
|-damage|p2a: Golem|0 fnt
|faint|p2a: Golem
|
|switch|p2a: Raichu|Raichu|323/323
|turn|15
|
|move|p2a: Raichu|Hyper Beam|p1a: Jynx
|-damage|p1a: Jynx|0 fnt
|faint|p1a: Jynx
|c|☆Mikecoiff|B O O M
|
|switch|p1a: Snorlax|Snorlax|523/523
|turn|16
|c|☆Mikecoiff|lol
|
|move|p2a: Raichu|Thunderbolt|p1a: Snorlax
|-crit|p1a: Snorlax
|-damage|p1a: Snorlax|280/523
|-status|p1a: Snorlax|par
|move|p1a: Snorlax|Earthquake|p2a: Raichu
|-supereffective|p2a: Raichu
|-damage|p2a: Raichu|89/323
|
|upkeep
|turn|17
|
|move|p2a: Raichu|Hyper Beam|p1a: Snorlax
|-crit|p1a: Snorlax
|-damage|p1a: Snorlax|21/523 par
|-mustrecharge|p2a: Raichu
|move|p1a: Snorlax|Earthquake|p2a: Raichu
|-supereffective|p2a: Raichu
|-damage|p2a: Raichu|0 fnt
|faint|p2a: Raichu
|
|switch|p2a: Persiyan|Persian|333/333
|turn|18
|
|move|p2a: Persiyan|Slash|p1a: Snorlax
|-crit|p1a: Snorlax
|-damage|p1a: Snorlax|0 fnt
|faint|p1a: Snorlax
|
|switch|p1a: Gengar|Gengar|323/323
|turn|19
|
|move|p2a: Persiyan|Fury Swipes|p1a: Gengar
|-immune|p1a: Gengar
|move|p1a: Gengar|Explosion|p2a: Persiyan
|-damage|p2a: Persiyan|64/333
|faint|p1a: Gengar
|
|switch|p1a: Alakazam|Alakazam|313/313
|turn|20
|c|☆Mikecoiff|OOF
|
|move|p1a: Alakazam|Hyper Beam|p2a: Persiyan
|-damage|p2a: Persiyan|0 fnt
|faint|p2a: Persiyan
|
|win|PolarGuy
|c|☆Mikecoiff|rip
|l|☆Mikecoiff
||Ladder (probably) updated, but score could not be retrieved (Response not received).
