|j|☆PunkPlayer99
|j|☆WizzardTheRaven23
|player|p1|PunkPlayer99|176
|player|p2|WizzardTheRaven23|153
|teamsize|p1|6
|teamsize|p2|6
|gametype|singles
|gen|1
|tier|[Gen 1] OU
|rated|
|rule|Sleep Clause Mod: Limit one foe put to sleep
|rule|Freeze Clause Mod: Limit one foe frozen
|rule|Species Clause: Limit one of each Pokémon
|rule|OHKO Clause: OHKO moves are banned
|rule|Evasion Moves Clause: Evasion moves are banned
|rule|HP Percentage Mod: HP is shown in percentages
|
|start
|switch|p1a: Alakazam|Alakazam|313/313
|switch|p2a: Blitzvogel|Zapdos|383/383
|turn|1
|
|move|p1a: Alakazam|Reflect|p1a: Alakazam
|-start|p1a: Alakazam|Reflect
|move|p2a: Blitzvogel|Thunderbolt|p1a: Alakazam
|-damage|p1a: Alakazam|205/313
|
|upkeep
|turn|2
|
|move|p1a: Alakazam|Psychic|p2a: Blitzvogel
|-crit|p2a: Blitzvogel
|-damage|p2a: Blitzvogel|159/383
|move|p2a: Blitzvogel|Thunderbolt|p1a: Alakazam
|-damage|p1a: Alakazam|99/313
|-status|p1a: Alakazam|par
|
|upkeep
|turn|3
|
|move|p2a: Blitzvogel|Thunderbolt|p1a: Alakazam
|-damage|p1a: Alakazam|0 fnt
|faint|p1a: Alakazam
|
|switch|p1a: Exeggutor|Exeggutor|393/393
|turn|4
|
|move|p2a: Blitzvogel|Drill Peck|p1a: Exeggutor
|-supereffective|p1a: Exeggutor
|-damage|p1a: Exeggutor|199/393
|move|p1a: Exeggutor|Psychic|p2a: Blitzvogel
|-damage|p2a: Blitzvogel|51/383
|-unboost|p2a: Blitzvogel|spd|1
|-unboost|p2a: Blitzvogel|spa|1
|
|upkeep
|turn|5
|
|move|p2a: Blitzvogel|Drill Peck|p1a: Exeggutor
|-crit|p1a: Exeggutor
|-supereffective|p1a: Exeggutor
|-damage|p1a: Exeggutor|0 fnt
|faint|p1a: Exeggutor
|
|switch|p1a: Rhydon|Rhydon|413/413
|turn|6
|
|move|p2a: Blitzvogel|Toxic|p1a: Rhydon
|-status|p1a: Rhydon|tox
|move|p1a: Rhydon|Body Slam|p2a: Blitzvogel
|-damage|p2a: Blitzvogel|0 fnt
|faint|p2a: Blitzvogel
|
|switch|p2a: Stern|Starmie|323/323
|turn|7
|
|switch|p1a: Gengar|Gengar|323/323
|move|p2a: Stern|Hydro Pump|p1a: Gengar
|-damage|p1a: Gengar|207/323
|
|upkeep
|turn|8
|
|move|p2a: Stern|Psychic|p1a: Gengar
|-supereffective|p1a: Gengar
|-damage|p1a: Gengar|23/323
|move|p1a: Gengar|Thunderbolt|p2a: Stern
|-crit|p2a: Stern
|-supereffective|p2a: Stern
|-damage|p2a: Stern|0 fnt
|faint|p2a: Stern
|
|switch|p2a: Steiker|Alakazam|313/313
|turn|9
|
|move|p2a: Steiker|Psychic|p1a: Gengar
|-supereffective|p1a: Gengar
|-damage|p1a: Gengar|0 fnt
|faint|p1a: Gengar
|
|switch|p1a: Rhydon|Rhydon|413/413 tox
|turn|10
|
|move|p2a: Steiker|Psychic|p1a: Rhydon
|-damage|p1a: Rhydon|210/413 psn
|-unboost|p1a: Rhydon|spd|1
|-unboost|p1a: Rhydon|spa|1
|move|p1a: Rhydon|Body Slam|p2a: Steiker
|-damage|p2a: Steiker|192/313
|-damage|p1a: Rhydon|185/413 psn|[from] psn|[of] p2a: Steiker
|
|upkeep
|turn|11
|
|move|p2a: Steiker|Psychic|p1a: Rhydon
|-damage|p1a: Rhydon|0 fnt
|faint|p1a: Rhydon
|
|switch|p1a: Zapdos|Zapdos|383/383
|turn|12
|
|move|p2a: Steiker|Psychic|p1a: Zapdos
|-damage|p1a: Zapdos|265/383
|move|p1a: Zapdos|Drill Peck|p2a: Steiker
|-damage|p2a: Steiker|64/313
|
|upkeep
|turn|13
|
|move|p2a: Steiker|Recover|p2a: Steiker
|-heal|p2a: Steiker|220/313
|move|p1a: Zapdos|Drill Peck|p2a: Steiker
|-damage|p2a: Steiker|78/313
|
|upkeep
|turn|14
|
|move|p1a: Zapdos|Drill Peck|p2a: Steiker
|-damage|p2a: Steiker|0 fnt
|faint|p2a: Steiker
|
|switch|p2a: Exeggutor|Exeggutor|393/393
|turn|15
|
|move|p1a: Zapdos|Drill Peck|p2a: Exeggutor
|-supereffective|p2a: Exeggutor
|-damage|p2a: Exeggutor|196/393
|move|p2a: Exeggutor|Double-Edge|p1a: Zapdos
|-damage|p1a: Zapdos|178/383
|-damage|p2a: Exeggutor|175/393|[from] Recoil|[of] p1a: Zapdos
|
|upkeep
|turn|16
|
|move|p1a: Zapdos|Drill Peck|p2a: Exeggutor
|-supereffective|p2a: Exeggutor
|-damage|p2a: Exeggutor|0 fnt
|faint|p2a: Exeggutor
|
|switch|p2a: Arcanine|Arcanine|383/383
|turn|17
|
|switch|p1a: Cloyster|Cloyster|303/303
|move|p2a: Arcanine|Fire Blast|p1a: Cloyster
|-damage|p1a: Cloyster|160/303
|-status|p1a: Cloyster|brn
|
|upkeep
|turn|18
|
|switch|p2a: Giitauros|Tauros|353/353
|move|p1a: Cloyster|Clamp|p2a: Giitauros|[miss]
|-miss|p1a: Cloyster
|-damage|p1a: Cloyster|142/303 brn|[from] brn|[of] p2a: Giitauros
|
|upkeep
|turn|19
|
|move|p2a: Giitauros|Hyper Beam|p1a: Cloyster
|-damage|p1a: Cloyster|31/303 brn
|-mustrecharge|p2a: Giitauros
|move|p1a: Cloyster|Blizzard|p2a: Giitauros
|-damage|p2a: Giitauros|200/353
|-status|p2a: Giitauros|frz
|-damage|p1a: Cloyster|13/303 brn|[from] brn|[of] p2a: Giitauros
|
|upkeep
|turn|20
|
|cant|p2a: Giitauros|recharge
|move|p1a: Cloyster|Explosion|p2a: Giitauros
|-damage|p2a: Giitauros|77/353 frz
|faint|p1a: Cloyster
|
|switch|p1a: Zapdos|Zapdos|178/383
|turn|21
|
|cant|p2a: Giitauros|frz
|move|p1a: Zapdos|Drill Peck|p2a: Giitauros
|-damage|p2a: Giitauros|0 fnt
|faint|p2a: Giitauros
|
|switch|p2a: Arcanine|Arcanine|383/383
|turn|22
|c|☆WizzardTheRaven23|Was so fun
|
|move|p1a: Zapdos|Thunder Wave|p2a: Arcanine
|-status|p2a: Arcanine|par
|move|p2a: Arcanine|Hyper Beam|p1a: Zapdos
|-damage|p1a: Zapdos|50/383
|-mustrecharge|p2a: Arcanine
|
|upkeep
|turn|23
|
|move|p1a: Zapdos|Thunderbolt|p2a: Arcanine
|-damage|p2a: Arcanine|233/383 par
|cant|p2a: Arcanine|recharge
|
|upkeep
|turn|24
|
|move|p1a: Zapdos|Thunderbolt|p2a: Arcanine
|-crit|p2a: Arcanine
|-damage|p2a: Arcanine|0 fnt
|faint|p2a: Arcanine
|
|win|PunkPlayer99
