|j|☆PolarGuy
|j|☆Psychotic Killjoy
|player|p1|PolarGuy|117
|player|p2|Psychotic Killjoy|163
|teamsize|p1|6
|teamsize|p2|6
|gametype|singles
|gen|1
|tier|[Gen 1] OU
|rated|
|rule|Sleep Clause Mod: Limit one foe put to sleep
|rule|Freeze Clause Mod: Limit one foe frozen
|rule|Species Clause: Limit one of each Pokémon
|rule|OHKO Clause: OHKO moves are banned
|rule|Evasion Moves Clause: Evasion moves are banned
|rule|HP Percentage Mod: HP is shown in percentages
|
|start
|switch|p1a: Alakazam|Alakazam|313/313
|switch|p2a: Nidoking|Nidoking|365/365
|turn|1
|
|move|p1a: Alakazam|Thunder Wave|p2a: Nidoking
|-immune|p2a: Nidoking
|move|p2a: Nidoking|Earthquake|p1a: Alakazam
|-damage|p1a: Alakazam|133/313
|
|upkeep
|turn|2
|
|move|p1a: Alakazam|Psychic|p2a: Nidoking
|-supereffective|p2a: Nidoking
|-damage|p2a: Nidoking|37/365
|move|p2a: Nidoking|Earthquake|p1a: Alakazam
|-damage|p1a: Alakazam|0 fnt
|faint|p1a: Alakazam
|
|switch|p1a: Zapdos|Zapdos|383/383
|turn|3
|
|move|p1a: Zapdos|Drill Peck|p2a: Nidoking
|-damage|p2a: Nidoking|0 fnt
|faint|p2a: Nidoking
|
|switch|p2a: Dragonite|Dragonite|385/385
|turn|4
|
|switch|p1a: Jynx|Jynx|333/333
|move|p2a: Dragonite|Body Slam|p1a: Jynx
|-damage|p1a: Jynx|201/333
|-status|p1a: Jynx|par
|
|upkeep
|turn|5
|
|move|p2a: Dragonite|Fire Blast|p1a: Jynx
|-supereffective|p1a: Jynx
|-damage|p1a: Jynx|0 fnt
|faint|p1a: Jynx
|
|switch|p1a: Blastoise|Blastoise|361/361
|turn|6
|
|move|p2a: Dragonite|Body Slam|p1a: Blastoise
|-crit|p1a: Blastoise
|-damage|p1a: Blastoise|191/361
|-status|p1a: Blastoise|par
|move|p1a: Blastoise|Ice Beam|p2a: Dragonite
|-supereffective|p2a: Dragonite
|-damage|p2a: Dragonite|117/385
|
|upkeep
|turn|7
|
|move|p2a: Dragonite|Body Slam|p1a: Blastoise
|-damage|p1a: Blastoise|108/361 par
|move|p1a: Blastoise|Ice Beam|p2a: Dragonite
|-supereffective|p2a: Dragonite
|-damage|p2a: Dragonite|0 fnt
|faint|p2a: Dragonite
|
|switch|p2a: Zapdos|Zapdos|383/383
|turn|8
|
|switch|p1a: Zapdos|Zapdos|383/383
|move|p2a: Zapdos|Thunderbolt|p1a: Zapdos
|-damage|p1a: Zapdos|263/383
|
|upkeep
|turn|9
|
|switch|p2a: Hypno|Hypno|373/373
|move|p1a: Zapdos|Light Screen|p1a: Zapdos
|-start|p1a: Zapdos|Light Screen
|
|upkeep
|turn|10
|
|move|p1a: Zapdos|Thunderbolt|p2a: Hypno
|-damage|p2a: Hypno|248/373
|-status|p2a: Hypno|par
|move|p2a: Hypno|Hypnosis|p1a: Zapdos
|-status|p1a: Zapdos|slp|[from] move: Hypnosis
|
|upkeep
|turn|11
|
|switch|p1a: Snorlax|Snorlax|523/523
|cant|p2a: Hypno|par
|
|upkeep
|turn|12
|
|move|p1a: Snorlax|Amnesia|p1a: Snorlax
|-boost|p1a: Snorlax|spd|2
|-boost|p1a: Snorlax|spa|2
|move|p2a: Hypno|Psychic|p1a: Snorlax
|-damage|p1a: Snorlax|449/523
|
|upkeep
|turn|13
|
|move|p1a: Snorlax|Amnesia|p1a: Snorlax
|-boost|p1a: Snorlax|spd|2
|-boost|p1a: Snorlax|spa|2
|move|p2a: Hypno|Hypnosis|p1a: Snorlax
|-message|Sleep Clause Mod activated.
|
|upkeep
|turn|14
|
|switch|p2a: Zapdos|Zapdos|383/383
|move|p1a: Snorlax|Fire Blast|p2a: Zapdos
|-damage|p2a: Zapdos|198/383
|
|upkeep
|turn|15
|
|move|p2a: Zapdos|Drill Peck|p1a: Snorlax
|-damage|p1a: Snorlax|331/523
|move|p1a: Snorlax|Fire Blast|p2a: Zapdos
|-damage|p2a: Zapdos|17/383
|
|upkeep
|turn|16
|
|move|p2a: Zapdos|Thunderbolt|p1a: Snorlax
|-damage|p1a: Snorlax|268/523
|move|p1a: Snorlax|Fire Blast|p2a: Zapdos
|-damage|p2a: Zapdos|0 fnt
|faint|p2a: Zapdos
|
|switch|p2a: Hypno|Hypno|248/373 par
|turn|17
|
|move|p1a: Snorlax|Amnesia|p1a: Snorlax
|-boost|p1a: Snorlax|spd|2
|-boost|p1a: Snorlax|spa|2
|cant|p2a: Hypno|par
|
|upkeep
|turn|18
|
|move|p1a: Snorlax|Fire Blast|p2a: Hypno
|-damage|p2a: Hypno|0 fnt
|faint|p2a: Hypno
|
|switch|p2a: Blastoise|Blastoise|361/361
|turn|19
|
|move|p2a: Blastoise|Surf|p1a: Snorlax
|-damage|p1a: Snorlax|234/523
|move|p1a: Snorlax|Earthquake|p2a: Blastoise
|-damage|p2a: Blastoise|275/361
|
|upkeep
|turn|20
|
|move|p2a: Blastoise|Blizzard|p1a: Snorlax
|-damage|p1a: Snorlax|204/523
|move|p1a: Snorlax|Amnesia|p1a: Snorlax
|-fail|p1a: Snorlax
|
|upkeep
|turn|21
|
|move|p2a: Blastoise|Surf|p1a: Snorlax
|-damage|p1a: Snorlax|169/523
|move|p1a: Snorlax|Reflect|p1a: Snorlax
|-start|p1a: Snorlax|Reflect
|
|upkeep
|turn|22
|
|move|p2a: Blastoise|Strength|p1a: Snorlax
|-damage|p1a: Snorlax|130/523
|move|p1a: Snorlax|Earthquake|p2a: Blastoise
|-damage|p2a: Blastoise|191/361
|
|upkeep
|turn|23
|
|move|p2a: Blastoise|Strength|p1a: Snorlax
|-damage|p1a: Snorlax|93/523
|move|p1a: Snorlax|Fire Blast|p2a: Blastoise
|-resisted|p2a: Blastoise
|-damage|p2a: Blastoise|35/361
|-status|p2a: Blastoise|brn
|
|upkeep
|turn|24
|
|move|p2a: Blastoise|Strength|p1a: Snorlax
|-damage|p1a: Snorlax|73/523
|-damage|p2a: Blastoise|13/361 brn|[from] brn|[of] p1a: Snorlax
|move|p1a: Snorlax|Earthquake|p2a: Blastoise
|-damage|p2a: Blastoise|0 fnt
|faint|p2a: Blastoise
|
|switch|p2a: Pikachu|Pikachu|273/273
|turn|25
|j| Krabs haha
|
|move|p2a: Pikachu|Thunderbolt|p1a: Snorlax
|-damage|p1a: Snorlax|49/523
|move|p1a: Snorlax|Fire Blast|p2a: Pikachu
|-damage|p2a: Pikachu|0 fnt
|faint|p2a: Pikachu
|
|win|PolarGuy
|raw|PolarGuy's rating: 1070 &rarr; <strong>1094</strong><br />(+24 for winning)
|raw|Psychotic Killjoy's rating: 1000 &rarr; <strong>1000</strong><br />(+0 for losing)
|l|☆Psychotic Killjoy
|l| Krabs haha
