|j|☆EMIL_OLBERG
|j|☆Walks1069
|player|p1|EMIL_OLBERG|29
|player|p2|Walks1069|124
|teamsize|p1|6
|teamsize|p2|6
|gametype|singles
|gen|1
|tier|[Gen 1] OU
|rated|
|rule|Sleep Clause Mod: Limit one foe put to sleep
|rule|Freeze Clause Mod: Limit one foe frozen
|rule|Species Clause: Limit one of each Pokémon
|rule|OHKO Clause: OHKO moves are banned
|rule|Evasion Moves Clause: Evasion moves are banned
|rule|HP Percentage Mod: HP is shown in percentages
|
|start
|switch|p1a: Jolteon|Jolteon|333/333
|switch|p2a: Alakazam|Alakazam|313/313
|turn|1
|inactive|Battle timer is ON: inactive players will automatically lose when time's up. (requested by EMIL_OLBERG)
|
|move|p1a: Jolteon|Thunder Wave|p2a: Alakazam
|-status|p2a: Alakazam|par
|cant|p2a: Alakazam|par
|
|upkeep
|turn|2
|
|move|p1a: Jolteon|Pin Missile|p2a: Alakazam
|-crit|p2a: Alakazam
|-supereffective|p2a: Alakazam
|-damage|p2a: Alakazam|258/313 par
|-damage|p2a: Alakazam|203/313 par
|-damage|p2a: Alakazam|148/313 par
|-damage|p2a: Alakazam|93/313 par
|-hitcount|p2a: Alakazam|4
|move|p2a: Alakazam|Psychic|p1a: Jolteon
|-damage|p1a: Jolteon|203/333
|-unboost|p1a: Jolteon|spd|1
|-unboost|p1a: Jolteon|spa|1
|
|upkeep
|turn|3
|
|switch|p2a: Zapdos|Zapdos|383/383
|move|p1a: Jolteon|Pin Missile|p2a: Zapdos
|-resisted|p2a: Zapdos
|-damage|p2a: Zapdos|378/383
|-damage|p2a: Zapdos|373/383
|-damage|p2a: Zapdos|368/383
|-damage|p2a: Zapdos|363/383
|-damage|p2a: Zapdos|358/383
|-hitcount|p2a: Zapdos|5
|
|upkeep
|turn|4
|
|move|p1a: Jolteon|Thunder Wave|p2a: Zapdos
|-status|p2a: Zapdos|par
|move|p2a: Zapdos|Thunder Wave|p1a: Jolteon
|-status|p1a: Jolteon|par
|
|upkeep
|turn|5
|
|switch|p1a: Exeggutor|Exeggutor|393/393
|move|p2a: Zapdos|Thunderbolt|p1a: Exeggutor
|-resisted|p1a: Exeggutor
|-damage|p1a: Exeggutor|339/393
|
|upkeep
|turn|6
|
|move|p1a: Exeggutor|Psychic|p2a: Zapdos
|-damage|p2a: Zapdos|258/383 par
|cant|p2a: Zapdos|par
|
|upkeep
|turn|7
|
|move|p1a: Exeggutor|Psychic|p2a: Zapdos
|-damage|p2a: Zapdos|159/383 par
|move|p2a: Zapdos|Thunder Wave|p1a: Exeggutor
|-status|p1a: Exeggutor|par
|
|upkeep
|turn|8
|
|move|p2a: Zapdos|Agility|p2a: Zapdos
|-boost|p2a: Zapdos|spe|2
|move|p1a: Exeggutor|Psychic|p2a: Zapdos
|-damage|p2a: Zapdos|58/383 par
|
|upkeep
|turn|9
|
|move|p2a: Zapdos|Drill Peck|p1a: Exeggutor
|-crit|p1a: Exeggutor
|-supereffective|p1a: Exeggutor
|-damage|p1a: Exeggutor|0 fnt
|faint|p1a: Exeggutor
|
|switch|p1a: Tauros|Tauros|353/353
|turn|10
|
|cant|p2a: Zapdos|par
|move|p1a: Tauros|Body Slam|p2a: Zapdos
|-crit|p2a: Zapdos
|-damage|p2a: Zapdos|0 fnt
|faint|p2a: Zapdos
|inactive|Walks1069 has 120 seconds left.
|
|switch|p2a: Tauros|Tauros|353/353
|turn|11
|
|move|p2a: Tauros|Body Slam|p1a: Tauros
|-damage|p1a: Tauros|256/353
|move|p1a: Tauros|Body Slam|p2a: Tauros
|-damage|p2a: Tauros|256/353
|
|upkeep
|turn|12
|
|move|p1a: Tauros|Body Slam|p2a: Tauros
|-damage|p2a: Tauros|155/353
|move|p2a: Tauros|Body Slam|p1a: Tauros
|-crit|p1a: Tauros
|-damage|p1a: Tauros|56/353
|
|upkeep
|turn|13
|inactive|Walks1069 has 120 seconds left.
|
|move|p2a: Tauros|Body Slam|p1a: Tauros
|-damage|p1a: Tauros|0 fnt
|faint|p1a: Tauros
|
|switch|p1a: Snorlax|Snorlax|523/523
|turn|14
|
|move|p2a: Tauros|Hyper Beam|p1a: Snorlax
|-damage|p1a: Snorlax|313/523
|-mustrecharge|p2a: Tauros
|move|p1a: Snorlax|Body Slam|p2a: Tauros
|-damage|p2a: Tauros|37/353
|
|upkeep
|turn|15
|
|cant|p2a: Tauros|recharge
|move|p1a: Snorlax|Earthquake|p2a: Tauros
|-damage|p2a: Tauros|0 fnt
|faint|p2a: Tauros
|
|switch|p2a: Snorlax|Snorlax|523/523
|turn|16
|
|move|p2a: Snorlax|Body Slam|p1a: Snorlax
|-crit|p1a: Snorlax
|-damage|p1a: Snorlax|32/523
|move|p1a: Snorlax|Self-Destruct|p2a: Snorlax
|-damage|p2a: Snorlax|82/523
|faint|p1a: Snorlax
|
|switch|p1a: Chansey|Chansey|703/703
|turn|17
|
|move|p1a: Chansey|Seismic Toss|p2a: Snorlax
|-damage|p2a: Snorlax|0 fnt
|faint|p2a: Snorlax
|
|switch|p2a: Alakazam|Alakazam|93/313 par
|turn|18
|
|move|p1a: Chansey|Seismic Toss|p2a: Alakazam
|-damage|p2a: Alakazam|0 fnt
|faint|p2a: Alakazam
|
|switch|p2a: Golem|Golem|363/363
|turn|19
|
|switch|p1a: Jolteon|Jolteon|203/333 par
|move|p2a: Golem|Body Slam|p1a: Jolteon
|-damage|p1a: Jolteon|98/333 par
|
|upkeep
|turn|20
|
|move|p2a: Golem|Earthquake|p1a: Jolteon
|-supereffective|p1a: Jolteon
|-damage|p1a: Jolteon|0 fnt
|faint|p1a: Jolteon
|
|switch|p1a: Slowbro|Slowbro|393/393
|turn|21
|
|switch|p2a: Starmie|Starmie|323/323
|move|p1a: Slowbro|Psychic|p2a: Starmie
|-resisted|p2a: Starmie
|-damage|p2a: Starmie|280/323
|-unboost|p2a: Starmie|spd|1
|-unboost|p2a: Starmie|spa|1
|
|upkeep
|turn|22
|
|switch|p1a: Chansey|Chansey|703/703
|move|p2a: Starmie|Thunderbolt|p1a: Chansey
|-damage|p1a: Chansey|652/703
|
|upkeep
|turn|23
|
|move|p2a: Starmie|Thunderbolt|p1a: Chansey
|-damage|p1a: Chansey|607/703
|move|p1a: Chansey|Thunder Wave|p2a: Starmie
|-status|p2a: Starmie|par
|
|upkeep
|turn|24
|
|switch|p2a: Golem|Golem|363/363
|move|p1a: Chansey|Seismic Toss|p2a: Golem
|-damage|p2a: Golem|263/363
|
|upkeep
|turn|25
|
|switch|p1a: Slowbro|Slowbro|393/393
|move|p2a: Golem|Body Slam|p1a: Slowbro
|-damage|p1a: Slowbro|327/393
|
|upkeep
|turn|26
|
|switch|p2a: Starmie|Starmie|280/323 par
|move|p1a: Slowbro|Psychic|p2a: Starmie
|-resisted|p2a: Starmie
|-damage|p2a: Starmie|234/323 par
|-unboost|p2a: Starmie|spd|1
|-unboost|p2a: Starmie|spa|1
|
|upkeep
|turn|27
|
|switch|p1a: Chansey|Chansey|607/703
|cant|p2a: Starmie|par
|
|upkeep
|turn|28
|
|switch|p2a: Golem|Golem|263/363
|move|p1a: Chansey|Seismic Toss|p2a: Golem
|-damage|p2a: Golem|163/363
|
|upkeep
|turn|29
|
|switch|p1a: Slowbro|Slowbro|327/393
|move|p2a: Golem|Body Slam|p1a: Slowbro
|-damage|p1a: Slowbro|261/393
|
|upkeep
|turn|30
|
|switch|p2a: Starmie|Starmie|234/323 par
|move|p1a: Slowbro|Psychic|p2a: Starmie
|-resisted|p2a: Starmie
|-damage|p2a: Starmie|188/323 par
|
|upkeep
|turn|31
|
|switch|p1a: Chansey|Chansey|607/703
|move|p2a: Starmie|Thunderbolt|p1a: Chansey
|-damage|p1a: Chansey|539/703
|
|upkeep
|turn|32
|
|switch|p2a: Golem|Golem|163/363
|move|p1a: Chansey|Seismic Toss|p2a: Golem
|-damage|p2a: Golem|63/363
|
|upkeep
|turn|33
|
|move|p1a: Chansey|Seismic Toss|p2a: Golem
|-damage|p2a: Golem|0 fnt
|faint|p2a: Golem
|
|switch|p2a: Starmie|Starmie|188/323 par
|turn|34
|
|move|p1a: Chansey|Seismic Toss|p2a: Starmie
|-damage|p2a: Starmie|88/323 par
|move|p2a: Starmie|Recover|p2a: Starmie
|-heal|p2a: Starmie|249/323 par
|
|upkeep
|turn|35
|
|move|p1a: Chansey|Seismic Toss|p2a: Starmie
|-damage|p2a: Starmie|149/323 par
|cant|p2a: Starmie|par
|
|upkeep
|turn|36
|
|move|p1a: Chansey|Seismic Toss|p2a: Starmie
|-damage|p2a: Starmie|49/323 par
|cant|p2a: Starmie|par
|
|upkeep
|turn|37
|
|move|p1a: Chansey|Seismic Toss|p2a: Starmie
|-damage|p2a: Starmie|0 fnt
|faint|p2a: Starmie
|
|win|EMIL_OLBERG
|c|☆EMIL_OLBERG|gg
|l|☆Walks1069
