|j|☆rylon
|j|☆sadisticnarwhal
|player|p1|rylon|3
|player|p2|sadisticnarwhal|jasmine-gen2
|teamsize|p1|6
|teamsize|p2|6
|gametype|singles
|gen|1
|tier|[Gen 1] OU
|rule|Sleep Clause Mod: Limit one foe put to sleep
|rule|Freeze Clause Mod: Limit one foe frozen
|rule|Species Clause: Limit one of each Pokémon
|rule|OHKO Clause: OHKO moves are banned
|rule|Evasion Moves Clause: Evasion moves are banned
|rule|HP Percentage Mod: HP is shown in percentages
|
|start
|switch|p1a: Alakazam|Alakazam|313/313
|switch|p2a: Jynx|Jynx|333/333
|turn|1
|c|☆sadisticnarwhal|hf
|inactive|Battle timer is ON: inactive players will automatically lose when time's up. (requested by sadisticnarwhal)
|c|☆rylon|u2
|
|move|p1a: Alakazam|Thunder Wave|p2a: Jynx
|-status|p2a: Jynx|par
|move|p2a: Jynx|Lovely Kiss|p1a: Alakazam|[miss]
|-miss|p2a: Jynx
|
|upkeep
|turn|2
|
|move|p1a: Alakazam|Seismic Toss|p2a: Jynx
|-damage|p2a: Jynx|233/333 par
|move|p2a: Jynx|Lovely Kiss|p1a: Alakazam|[miss]
|-miss|p2a: Jynx
|
|upkeep
|turn|3
|
|move|p1a: Alakazam|Seismic Toss|p2a: Jynx
|-damage|p2a: Jynx|133/333 par
|cant|p2a: Jynx|par
|
|upkeep
|turn|4
|
|move|p1a: Alakazam|Seismic Toss|p2a: Jynx
|-damage|p2a: Jynx|33/333 par
|move|p2a: Jynx|Lovely Kiss|p1a: Alakazam|[miss]
|-miss|p2a: Jynx
|
|upkeep
|turn|5
|
|switch|p2a: Chansey|Chansey|703/703
|move|p1a: Alakazam|Thunder Wave|p2a: Chansey
|-status|p2a: Chansey|par
|
|upkeep
|turn|6
|
|switch|p1a: Snorlax|Snorlax|523/523
|move|p2a: Chansey|Thunder Wave|p1a: Snorlax
|-status|p1a: Snorlax|par
|
|upkeep
|turn|7
|
|cant|p1a: Snorlax|par
|move|p2a: Chansey|Counter|p1a: Snorlax
|-fail|p2a: Chansey
|
|upkeep
|turn|8
|
|switch|p2a: Snorlax|Snorlax|523/523
|move|p1a: Snorlax|Reflect|p1a: Snorlax
|-start|p1a: Snorlax|Reflect
|
|upkeep
|turn|9
|
|move|p2a: Snorlax|Reflect|p2a: Snorlax
|-start|p2a: Snorlax|Reflect
|move|p1a: Snorlax|Body Slam|p2a: Snorlax
|-damage|p2a: Snorlax|450/523
|
|upkeep
|turn|10
|
|move|p2a: Snorlax|Body Slam|p1a: Snorlax
|-damage|p1a: Snorlax|455/523 par
|move|p1a: Snorlax|Body Slam|p2a: Snorlax
|-damage|p2a: Snorlax|377/523
|
|upkeep
|turn|11
|
|move|p2a: Snorlax|Body Slam|p1a: Snorlax
|-damage|p1a: Snorlax|381/523 par
|cant|p1a: Snorlax|par
|
|upkeep
|turn|12
|
|move|p2a: Snorlax|Body Slam|p1a: Snorlax
|-damage|p1a: Snorlax|307/523 par
|move|p1a: Snorlax|Rest|p1a: Snorlax
|-status|p1a: Snorlax|slp|[from] move: Rest
|-heal|p1a: Snorlax|523/523 slp|[silent]
|
|upkeep
|turn|13
|
|move|p2a: Snorlax|Body Slam|p1a: Snorlax
|-damage|p1a: Snorlax|450/523 slp
|cant|p1a: Snorlax|slp
|
|upkeep
|turn|14
|j| Raichy
|
|move|p2a: Snorlax|Body Slam|p1a: Snorlax
|-damage|p1a: Snorlax|385/523 slp
|-curestatus|p1a: Snorlax|slp|[msg]
|
|upkeep
|turn|15
|
|move|p2a: Snorlax|Rest|p2a: Snorlax
|-status|p2a: Snorlax|slp|[from] move: Rest
|-heal|p2a: Snorlax|523/523 slp|[silent]
|move|p1a: Snorlax|Body Slam|p2a: Snorlax
|-damage|p2a: Snorlax|457/523 slp
|
|upkeep
|turn|16
|
|cant|p2a: Snorlax|slp
|move|p1a: Snorlax|Body Slam|p2a: Snorlax
|-crit|p2a: Snorlax
|-damage|p2a: Snorlax|199/523 slp
|
|upkeep
|turn|17
|
|-curestatus|p2a: Snorlax|slp|[msg]
|move|p1a: Snorlax|Body Slam|p2a: Snorlax
|-damage|p2a: Snorlax|126/523
|
|upkeep
|turn|18
|
|move|p2a: Snorlax|Rest|p2a: Snorlax
|-status|p2a: Snorlax|slp|[from] move: Rest
|-heal|p2a: Snorlax|523/523 slp|[silent]
|move|p1a: Snorlax|Body Slam|p2a: Snorlax
|-damage|p2a: Snorlax|459/523 slp
|
|upkeep
|turn|19
|
|cant|p2a: Snorlax|slp
|move|p1a: Snorlax|Body Slam|p2a: Snorlax
|-damage|p2a: Snorlax|386/523 slp
|
|upkeep
|turn|20
|
|-curestatus|p2a: Snorlax|slp|[msg]
|move|p1a: Snorlax|Body Slam|p2a: Snorlax
|-damage|p2a: Snorlax|322/523
|
|upkeep
|turn|21
|
|move|p2a: Snorlax|Body Slam|p1a: Snorlax
|-damage|p1a: Snorlax|313/523
|move|p1a: Snorlax|Body Slam|p2a: Snorlax
|-damage|p2a: Snorlax|256/523
|
|upkeep
|turn|22
|
|move|p2a: Snorlax|Rest|p2a: Snorlax
|-status|p2a: Snorlax|slp|[from] move: Rest
|-heal|p2a: Snorlax|523/523 slp|[silent]
|move|p1a: Snorlax|Body Slam|p2a: Snorlax
|-damage|p2a: Snorlax|448/523 slp
|
|upkeep
|turn|23
|
|cant|p2a: Snorlax|slp
|move|p1a: Snorlax|Rest|p1a: Snorlax
|-status|p1a: Snorlax|slp|[from] move: Rest
|-heal|p1a: Snorlax|523/523 slp|[silent]
|
|upkeep
|turn|24
|j| haru
|
|-curestatus|p2a: Snorlax|slp|[msg]
|cant|p1a: Snorlax|slp
|
|upkeep
|turn|25
|
|move|p2a: Snorlax|Body Slam|p1a: Snorlax
|-damage|p1a: Snorlax|454/523 slp
|-curestatus|p1a: Snorlax|slp|[msg]
|
|upkeep
|turn|26
|
|move|p2a: Snorlax|Body Slam|p1a: Snorlax
|-damage|p1a: Snorlax|384/523
|move|p1a: Snorlax|Rest|p1a: Snorlax
|-status|p1a: Snorlax|slp|[from] move: Rest
|-heal|p1a: Snorlax|523/523 slp|[silent]
|
|upkeep
|turn|27
|
|switch|p2a: Jynx|Jynx|33/333 par
|cant|p1a: Snorlax|slp
|
|upkeep
|turn|28
|
|move|p2a: Jynx|Lovely Kiss|p1a: Snorlax
|-fail|p1a: Snorlax|slp
|-curestatus|p1a: Snorlax|slp|[msg]
|
|upkeep
|turn|29
|
|move|p2a: Jynx|Lovely Kiss|p1a: Snorlax|[miss]
|-miss|p2a: Jynx
|move|p1a: Snorlax|Body Slam|p2a: Jynx
|-damage|p2a: Jynx|0 fnt
|faint|p2a: Jynx
|c|☆sadisticnarwhal|sad face
|
|switch|p2a: Snorlax|Snorlax|448/523
|turn|30
|
|move|p2a: Snorlax|Reflect|p2a: Snorlax
|-start|p2a: Snorlax|Reflect
|move|p1a: Snorlax|Body Slam|p2a: Snorlax
|-damage|p2a: Snorlax|384/523
|
|upkeep
|turn|31
|c|☆rylon|mb
|
|move|p2a: Snorlax|Rest|p2a: Snorlax
|-status|p2a: Snorlax|slp|[from] move: Rest
|-heal|p2a: Snorlax|523/523 slp|[silent]
|move|p1a: Snorlax|Body Slam|p2a: Snorlax
|-damage|p2a: Snorlax|455/523 slp
|
|upkeep
|turn|32
|c|☆sadisticnarwhal|happens
|
|switch|p1a: Exeggutor|Exeggutor|393/393
|cant|p2a: Snorlax|slp
|
|upkeep
|turn|33
|
|switch|p1a: Snorlax|Snorlax|523/523
|switch|p2a: Starmie|Starmie|323/323
|
|upkeep
|turn|34
|
|move|p2a: Starmie|Thunder Wave|p1a: Snorlax
|-status|p1a: Snorlax|par
|cant|p1a: Snorlax|par
|
|upkeep
|turn|35
|
|switch|p2a: Snorlax|Snorlax|455/523 slp
|cant|p1a: Snorlax|par
|
|upkeep
|turn|36
|
|-curestatus|p2a: Snorlax|slp|[msg]
|cant|p1a: Snorlax|par
|
|upkeep
|turn|37
|
|move|p2a: Snorlax|Body Slam|p1a: Snorlax
|-damage|p1a: Snorlax|379/523 par
|move|p1a: Snorlax|Reflect|p1a: Snorlax
|-start|p1a: Snorlax|Reflect
|
|upkeep
|turn|38
|
|move|p2a: Snorlax|Reflect|p2a: Snorlax
|-start|p2a: Snorlax|Reflect
|cant|p1a: Snorlax|par
|
|upkeep
|turn|39
|l| Raichy
|
|move|p2a: Snorlax|Body Slam|p1a: Snorlax
|-damage|p1a: Snorlax|304/523 par
|move|p1a: Snorlax|Rest|p1a: Snorlax
|-status|p1a: Snorlax|slp|[from] move: Rest
|-heal|p1a: Snorlax|523/523 slp|[silent]
|
|upkeep
|turn|40
|j| Raichy
|
|move|p2a: Snorlax|Body Slam|p1a: Snorlax
|-damage|p1a: Snorlax|454/523 slp
|cant|p1a: Snorlax|slp
|
|upkeep
|turn|41
|
|move|p2a: Snorlax|Body Slam|p1a: Snorlax
|-crit|p1a: Snorlax
|-damage|p1a: Snorlax|184/523 slp
|-curestatus|p1a: Snorlax|slp|[msg]
|
|upkeep
|turn|42
|j| Hurtadoo
|
|switch|p2a: Tauros|Tauros|353/353
|move|p1a: Snorlax|Rest|p1a: Snorlax
|-status|p1a: Snorlax|slp|[from] move: Rest
|-heal|p1a: Snorlax|523/523 slp|[silent]
|
|upkeep
|turn|43
|
|move|p2a: Tauros|Body Slam|p1a: Snorlax
|-damage|p1a: Snorlax|460/523 slp
|cant|p1a: Snorlax|slp
|
|upkeep
|turn|44
|
|move|p2a: Tauros|Body Slam|p1a: Snorlax
|-crit|p1a: Snorlax
|-damage|p1a: Snorlax|220/523 slp
|-curestatus|p1a: Snorlax|slp|[msg]
|
|upkeep
|turn|45
|
|move|p2a: Tauros|Body Slam|p1a: Snorlax
|-damage|p1a: Snorlax|150/523
|move|p1a: Snorlax|Rest|p1a: Snorlax
|-status|p1a: Snorlax|slp|[from] move: Rest
|-heal|p1a: Snorlax|523/523 slp|[silent]
|
|upkeep
|turn|46
|
|switch|p1a: Exeggutor|Exeggutor|393/393
|move|p2a: Tauros|Body Slam|p1a: Exeggutor
|-damage|p1a: Exeggutor|286/393
|
|upkeep
|turn|47
|
|switch|p2a: Chansey|Chansey|703/703 par
|move|p1a: Exeggutor|Explosion|p2a: Chansey
|-damage|p2a: Chansey|0 fnt
|faint|p2a: Chansey
|faint|p1a: Exeggutor
|
|switch|p1a: Chansey|Chansey|703/703
|switch|p2a: Starmie|Starmie|323/323
|turn|48
|
|move|p2a: Starmie|Blizzard|p1a: Chansey
|-crit|p1a: Chansey
|-damage|p1a: Chansey|521/703
|move|p1a: Chansey|Sing|p2a: Starmie|[miss]
|-miss|p1a: Chansey
|
|upkeep
|turn|49
|l| Hurtadoo
|
|move|p2a: Starmie|Blizzard|p1a: Chansey
|-crit|p1a: Chansey
|-damage|p1a: Chansey|332/703
|move|p1a: Chansey|Soft-Boiled|p1a: Chansey
|-heal|p1a: Chansey|683/703
|
|upkeep
|turn|50
|
|move|p2a: Starmie|Blizzard|p1a: Chansey
|-damage|p1a: Chansey|595/703
|move|p1a: Chansey|Sing|p2a: Starmie|[miss]
|-miss|p1a: Chansey
|
|upkeep
|turn|51
|
|move|p2a: Starmie|Blizzard|p1a: Chansey
|-crit|p1a: Chansey
|-damage|p1a: Chansey|416/703
|move|p1a: Chansey|Sing|p2a: Starmie
|-status|p2a: Starmie|slp|[from] move: Sing
|
|upkeep
|turn|52
|
|switch|p2a: Snorlax|Snorlax|455/523
|move|p1a: Chansey|Soft-Boiled|p1a: Chansey
|-heal|p1a: Chansey|703/703
|
|upkeep
|turn|53
|
|move|p2a: Snorlax|Body Slam|p1a: Chansey
|-damage|p1a: Chansey|418/703
|move|p1a: Chansey|Counter|p2a: Snorlax
|-damage|p2a: Snorlax|0 fnt
|faint|p2a: Snorlax
|
|switch|p2a: Tauros|Tauros|353/353
|turn|54
|
|switch|p1a: Starmie|Starmie|323/323
|move|p2a: Tauros|Hyper Beam|p1a: Starmie
|-damage|p1a: Starmie|132/323
|-mustrecharge|p2a: Tauros
|
|upkeep
|turn|55
|
|move|p1a: Starmie|Recover|p1a: Starmie
|-heal|p1a: Starmie|293/323
|cant|p2a: Tauros|recharge
|
|upkeep
|turn|56
|c|☆sadisticnarwhal|gg
|-message|sadisticnarwhal forfeited.
|
|win|rylon
|c|☆rylon|gg
