|j|☆Marfex
|j|☆B-Rubbit
|player|p1|Marfex|104
|player|p2|B-Rubbit|190
|teamsize|p1|6
|teamsize|p2|6
|gametype|singles
|gen|1
|tier|[Gen 1] OU
|rule|Sleep Clause Mod: Limit one foe put to sleep
|rule|Freeze Clause Mod: Limit one foe frozen
|rule|Species Clause: Limit one of each Pokémon
|rule|OHKO Clause: OHKO moves are banned
|rule|Evasion Moves Clause: Evasion moves are banned
|rule|HP Percentage Mod: HP is shown in percentages
|
|start
|switch|p1a: Scyther|Scyther|343/343
|switch|p2a: Golem|Golem|363/363
|turn|1
|inactive|Battle timer is ON: inactive players will automatically lose when time's up. (requested by B-Rubbit)
|c|☆B-Rubbit|glhf
|
|switch|p1a: Slowbro|Slowbro|393/393
|move|p2a: Golem|Rock Slide|p1a: Slowbro|[miss]
|-miss|p2a: Golem
|
|upkeep
|turn|2
|
|switch|p2a: Zapdos|Zapdos|383/383
|move|p1a: Slowbro|Amnesia|p1a: Slowbro
|-boost|p1a: Slowbro|spd|2
|-boost|p1a: Slowbro|spa|2
|
|upkeep
|turn|3
|
|move|p2a: Zapdos|Toxic|p1a: Slowbro
|-status|p1a: Slowbro|tox
|move|p1a: Slowbro|Ice Beam|p2a: Zapdos
|-supereffective|p2a: Zapdos
|-damage|p2a: Zapdos|167/383
|-damage|p1a: Slowbro|369/393 tox|[from] psn
|
|upkeep
|turn|4
|
|switch|p2a: Lapras|Lapras|463/463
|move|p1a: Slowbro|Ice Beam|p2a: Lapras
|-resisted|p2a: Lapras
|-damage|p2a: Lapras|428/463
|-damage|p1a: Slowbro|321/393 tox|[from] psn
|
|upkeep
|turn|5
|
|move|p2a: Lapras|Hyper Beam|p1a: Slowbro
|-damage|p1a: Slowbro|229/393 tox
|-mustrecharge|p2a: Lapras
|move|p1a: Slowbro|Fire Blast|p2a: Lapras
|-damage|p2a: Lapras|267/463
|-damage|p1a: Slowbro|157/393 tox|[from] psn
|
|upkeep
|turn|6
|
|cant|p2a: Lapras|recharge
|move|p1a: Slowbro|Amnesia|p1a: Slowbro
|-boost|p1a: Slowbro|spd|2
|-boost|p1a: Slowbro|spa|2
|-damage|p1a: Slowbro|61/393 tox|[from] psn
|
|upkeep
|turn|7
|
|move|p2a: Lapras|Surf|p1a: Slowbro
|-resisted|p1a: Slowbro
|-damage|p1a: Slowbro|39/393 tox
|move|p1a: Slowbro|Fire Blast|p2a: Lapras
|-damage|p2a: Lapras|33/463
|-damage|p1a: Slowbro|0 fnt|[from] psn
|faint|p1a: Slowbro
|
|switch|p1a: Scyther|Scyther|343/343
|turn|8
|
|move|p1a: Scyther|Hyper Beam|p2a: Lapras
|-damage|p2a: Lapras|0 fnt
|faint|p2a: Lapras
|
|switch|p2a: Golem|Golem|363/363
|turn|9
|
|move|p1a: Scyther|Swords Dance|p1a: Scyther
|-boost|p1a: Scyther|atk|2
|move|p2a: Golem|Rock Slide|p1a: Scyther
|-crit|p1a: Scyther
|-supereffective|p1a: Scyther
|-damage|p1a: Scyther|0 fnt
|faint|p1a: Scyther
|
|switch|p1a: Lapras|Lapras|463/463
|turn|10
|
|move|p1a: Lapras|Surf|p2a: Golem
|-supereffective|p2a: Golem
|-damage|p2a: Golem|0 fnt
|faint|p2a: Golem
|
|switch|p2a: Zapdos|Zapdos|167/383
|turn|11
|
|move|p2a: Zapdos|Thunderbolt|p1a: Lapras
|-supereffective|p1a: Lapras
|-damage|p1a: Lapras|212/463
|-status|p1a: Lapras|par
|move|p1a: Lapras|Blizzard|p2a: Zapdos
|-supereffective|p2a: Zapdos
|-damage|p2a: Zapdos|0 fnt
|faint|p2a: Zapdos
|
|switch|p2a: Alakazam|Alakazam|313/313
|turn|12
|
|move|p2a: Alakazam|Psychic|p1a: Lapras
|-damage|p1a: Lapras|65/463 par
|move|p1a: Lapras|Surf|p2a: Alakazam
|-damage|p2a: Alakazam|230/313
|
|upkeep
|turn|13
|
|move|p2a: Alakazam|Psychic|p1a: Lapras
|-damage|p1a: Lapras|0 fnt
|faint|p1a: Lapras
|
|switch|p1a: Golem|Golem|363/363
|turn|14
|
|move|p2a: Alakazam|Psychic|p1a: Golem
|-damage|p1a: Golem|177/363
|move|p1a: Golem|Earthquake|p2a: Alakazam
|-damage|p2a: Alakazam|37/313
|
|upkeep
|turn|15
|
|move|p2a: Alakazam|Psychic|p1a: Golem
|-damage|p1a: Golem|0 fnt
|faint|p1a: Golem
|
|switch|p1a: Chansey|Chansey|703/703
|turn|16
|
|switch|p2a: Mr. Mime|Mr. Mime|283/283
|move|p1a: Chansey|Seismic Toss|p2a: Mr. Mime
|-damage|p2a: Mr. Mime|183/283
|
|upkeep
|turn|17
|
|move|p2a: Mr. Mime|Toxic|p1a: Chansey
|-status|p1a: Chansey|tox
|move|p1a: Chansey|Substitute|p1a: Chansey
|-start|p1a: Chansey|Substitute
|-damage|p1a: Chansey|528/703 tox
|-damage|p1a: Chansey|485/703 tox|[from] psn
|
|upkeep
|turn|18
|
|move|p1a: Chansey|Seismic Toss|p2a: Mr. Mime
|-damage|p2a: Mr. Mime|83/283
|-damage|p1a: Chansey|399/703 tox|[from] psn
|move|p2a: Mr. Mime|Counter|p1a: Chansey
|-end|p1a: Chansey|Substitute
|
|upkeep
|turn|19
|
|move|p2a: Mr. Mime|Hyper Beam|p1a: Chansey
|-crit|p1a: Chansey
|-damage|p1a: Chansey|0 fnt
|faint|p1a: Chansey
|
|switch|p1a: Hitmonlee|Hitmonlee|303/303
|turn|20
|
|move|p2a: Mr. Mime|Toxic|p1a: Hitmonlee
|-status|p1a: Hitmonlee|tox
|move|p1a: Hitmonlee|Body Slam|p2a: Mr. Mime
|-damage|p2a: Mr. Mime|0 fnt
|faint|p2a: Mr. Mime
|
|switch|p2a: Alakazam|Alakazam|37/313
|turn|21
|
|move|p2a: Alakazam|Psychic|p1a: Hitmonlee
|-supereffective|p1a: Hitmonlee
|-damage|p1a: Hitmonlee|0 fnt
|faint|p1a: Hitmonlee
|
|win|B-Rubbit
