|j|☆Marfex
|j|☆B-Rubbit
|player|p1|Marfex|104
|player|p2|B-Rubbit|190
|teamsize|p1|6
|teamsize|p2|6
|gametype|singles
|gen|1
|tier|[Gen 1] OU
|rule|Sleep Clause Mod: Limit one foe put to sleep
|rule|Freeze Clause Mod: Limit one foe frozen
|rule|Species Clause: Limit one of each Pokémon
|rule|OHKO Clause: OHKO moves are banned
|rule|Evasion Moves Clause: Evasion moves are banned
|rule|HP Percentage Mod: HP is shown in percentages
|
|start
|switch|p1a: Lapras|Lapras|463/463
|switch|p2a: Zapdos|Zapdos|383/383
|turn|1
|
|switch|p1a: Golem|Golem|363/363
|move|p2a: Zapdos|Toxic|p1a: Golem
|-status|p1a: Golem|tox
|
|upkeep
|turn|2
|
|switch|p2a: Chansey|Chansey|703/703
|move|p1a: Golem|Rock Slide|p2a: Chansey
|-damage|p2a: Chansey|430/703
|-damage|p1a: Golem|341/363 tox|[from] psn
|
|upkeep
|turn|3
|
|move|p2a: Chansey|Seismic Toss|p1a: Golem
|-damage|p1a: Golem|241/363 tox
|move|p1a: Golem|Earthquake|p2a: Chansey
|-damage|p2a: Chansey|66/703
|-damage|p1a: Golem|197/363 tox|[from] psn
|
|upkeep
|turn|4
|
|move|p2a: Chansey|Soft-Boiled|p2a: Chansey
|-heal|p2a: Chansey|417/703
|move|p1a: Golem|Earthquake|p2a: Chansey
|-damage|p2a: Chansey|87/703
|-damage|p1a: Golem|131/363 tox|[from] psn
|
|upkeep
|turn|5
|
|move|p2a: Chansey|Soft-Boiled|p2a: Chansey
|-heal|p2a: Chansey|438/703
|move|p1a: Golem|Explosion|p2a: Chansey
|-damage|p2a: Chansey|0 fnt
|faint|p2a: Chansey
|faint|p1a: Golem
|
|switch|p2a: Zapdos|Zapdos|383/383
|switch|p1a: Slowbro|Slowbro|393/393
|turn|6
|
|move|p2a: Zapdos|Thunderbolt|p1a: Slowbro
|-supereffective|p1a: Slowbro
|-damage|p1a: Slowbro|79/393
|move|p1a: Slowbro|Amnesia|p1a: Slowbro
|-boost|p1a: Slowbro|spd|2
|-boost|p1a: Slowbro|spa|2
|
|upkeep
|turn|7
|
|move|p2a: Zapdos|Thunderbolt|p1a: Slowbro
|-supereffective|p1a: Slowbro
|-damage|p1a: Slowbro|0 fnt
|faint|p1a: Slowbro
|
|switch|p1a: Chansey|Chansey|703/703
|turn|8
|
|move|p2a: Zapdos|Toxic|p1a: Chansey
|-status|p1a: Chansey|tox
|move|p1a: Chansey|Toxic|p2a: Zapdos
|-status|p2a: Zapdos|tox
|-damage|p1a: Chansey|660/703 tox|[from] psn
|
|upkeep
|turn|9
|
|switch|p2a: Mr. Mime|Mr. Mime|283/283
|move|p1a: Chansey|Substitute|p1a: Chansey
|-start|p1a: Chansey|Substitute
|-damage|p1a: Chansey|485/703 tox
|-damage|p1a: Chansey|399/703 tox|[from] psn
|
|upkeep
|turn|10
|
|move|p1a: Chansey|Soft-Boiled|p1a: Chansey
|-heal|p1a: Chansey|703/703 tox
|-damage|p1a: Chansey|574/703 tox|[from] psn
|move|p2a: Mr. Mime|Counter|p1a: Chansey
|-fail|p2a: Mr. Mime
|
|upkeep
|turn|11
|
|switch|p2a: Zapdos|Zapdos|383/383 tox
|-damage|p2a: Zapdos|360/383 psn|[from] psn
|move|p1a: Chansey|Seismic Toss|p2a: Zapdos
|-damage|p2a: Zapdos|260/383 psn
|-damage|p1a: Chansey|402/703 tox|[from] psn
|
|upkeep
|turn|12
|
|switch|p2a: Mr. Mime|Mr. Mime|283/283
|move|p1a: Chansey|Seismic Toss|p2a: Mr. Mime
|-damage|p2a: Mr. Mime|183/283
|-damage|p1a: Chansey|187/703 tox|[from] psn
|
|upkeep
|turn|13
|
|move|p1a: Chansey|Seismic Toss|p2a: Mr. Mime
|-damage|p2a: Mr. Mime|83/283
|-damage|p1a: Chansey|0 fnt|[from] psn
|faint|p1a: Chansey
|
|switch|p1a: Scyther|Scyther|343/343
|turn|14
|
|move|p1a: Scyther|Swords Dance|p1a: Scyther
|-boost|p1a: Scyther|atk|2
|move|p2a: Mr. Mime|Toxic|p1a: Scyther
|-status|p1a: Scyther|tox
|
|upkeep
|turn|15
|
|move|p1a: Scyther|Hyper Beam|p2a: Mr. Mime
|-damage|p2a: Mr. Mime|0 fnt
|faint|p2a: Mr. Mime
|
|switch|p2a: Golem|Golem|363/363
|turn|16
|
|switch|p1a: Hitmonlee|Hitmonlee|303/303
|move|p2a: Golem|Rock Slide|p1a: Hitmonlee
|-resisted|p1a: Hitmonlee
|-damage|p1a: Hitmonlee|231/303
|
|upkeep
|turn|17
|
|switch|p2a: Zapdos|Zapdos|260/383 psn
|-damage|p2a: Zapdos|237/383 psn|[from] psn
|move|p1a: Hitmonlee|Jump Kick|p2a: Zapdos
|-resisted|p2a: Zapdos
|-damage|p2a: Zapdos|187/383 psn
|
|upkeep
|turn|18
|
|switch|p2a: Lapras|Lapras|463/463
|move|p1a: Hitmonlee|Body Slam|p2a: Lapras
|-damage|p2a: Lapras|382/463
|
|upkeep
|turn|19
|
|move|p1a: Hitmonlee|Jump Kick|p2a: Lapras
|-supereffective|p2a: Lapras
|-damage|p2a: Lapras|174/463
|move|p2a: Lapras|Ice Beam|p1a: Hitmonlee
|-damage|p1a: Hitmonlee|45/303
|
|upkeep
|turn|20
|
|switch|p2a: Alakazam|Alakazam|313/313
|move|p1a: Hitmonlee|Jump Kick|p2a: Alakazam|[miss]
|-miss|p1a: Hitmonlee
|-damage|p1a: Hitmonlee|44/303
|
|upkeep
|turn|21
|
|move|p2a: Alakazam|Psychic|p1a: Hitmonlee
|-supereffective|p1a: Hitmonlee
|-damage|p1a: Hitmonlee|0 fnt
|faint|p1a: Hitmonlee
|
|switch|p1a: Scyther|Scyther|343/343 tox
|turn|22
|
|move|p2a: Alakazam|Psychic|p1a: Scyther
|-damage|p1a: Scyther|171/343 psn
|move|p1a: Scyther|Hyper Beam|p2a: Alakazam|[miss]
|-miss|p1a: Scyther
|-damage|p1a: Scyther|150/343 psn|[from] psn|[of] p2a: Alakazam
|
|upkeep
|turn|23
|
|move|p2a: Alakazam|Psychic|p1a: Scyther
|-damage|p1a: Scyther|0 fnt
|faint|p1a: Scyther
|
|switch|p1a: Lapras|Lapras|463/463
|turn|24
|
|move|p2a: Alakazam|Thunder Wave|p1a: Lapras
|-status|p1a: Lapras|par
|move|p1a: Lapras|Blizzard|p2a: Alakazam
|-damage|p2a: Alakazam|202/313
|
|upkeep
|turn|25
|
|move|p2a: Alakazam|Psychic|p1a: Lapras
|-damage|p1a: Lapras|327/463 par
|-unboost|p1a: Lapras|spd|1
|-unboost|p1a: Lapras|spa|1
|move|p1a: Lapras|Confuse Ray|p2a: Alakazam
|-start|p2a: Alakazam|confusion
|
|upkeep
|turn|26
|
|switch|p2a: Lapras|Lapras|174/463
|cant|p1a: Lapras|par
|
|upkeep
|turn|27
|
|move|p2a: Lapras|Surf|p1a: Lapras
|-resisted|p1a: Lapras
|-damage|p1a: Lapras|247/463 par
|move|p1a: Lapras|Thunderbolt|p2a: Lapras
|-supereffective|p2a: Lapras
|-damage|p2a: Lapras|82/463
|
|upkeep
|turn|28
|
|move|p2a: Lapras|Ice Beam|p1a: Lapras
|-resisted|p1a: Lapras
|-damage|p1a: Lapras|203/463 par
|cant|p1a: Lapras|par
|
|upkeep
|turn|29
|
|move|p2a: Lapras|Surf|p1a: Lapras
|-resisted|p1a: Lapras
|-damage|p1a: Lapras|116/463 par
|move|p1a: Lapras|Thunderbolt|p2a: Lapras
|-supereffective|p2a: Lapras
|-damage|p2a: Lapras|0 fnt
|faint|p2a: Lapras
|
|switch|p2a: Zapdos|Zapdos|187/383 psn
|turn|30
|c|☆B-Rubbit|gg
|
|move|p2a: Zapdos|Thunderbolt|p1a: Lapras
|-supereffective|p1a: Lapras
|-damage|p1a: Lapras|0 fnt
|faint|p1a: Lapras
|
|win|B-Rubbit
|l|☆Marfex
