|j|☆Magikarpli baba
|j|☆blade1418
|player|p1|Magikarpli baba|229
|player|p2|blade1418|52
|teamsize|p1|6
|teamsize|p2|6
|gametype|singles
|gen|1
|tier|[Gen 1] OU
|rated|
|rule|Sleep Clause Mod: Limit one foe put to sleep
|rule|Freeze Clause Mod: Limit one foe frozen
|rule|Species Clause: Limit one of each Pokémon
|rule|OHKO Clause: OHKO moves are banned
|rule|Evasion Moves Clause: Evasion moves are banned
|rule|HP Percentage Mod: HP is shown in percentages
|
|start
|switch|p1a: Exeggutor|Exeggutor|393/393
|switch|p2a: Jynx|Jynx|333/333
|turn|1
|inactive|Battle timer is ON: inactive players will automatically lose when time's up. (requested by blade1418)
|
|switch|p1a: Starmie|Starmie|323/323
|move|p2a: Jynx|Lovely Kiss|p1a: Starmie
|-status|p1a: Starmie|slp|[from] move: Lovely Kiss
|
|upkeep
|turn|2
|
|cant|p1a: Starmie|slp
|move|p2a: Jynx|Blizzard|p1a: Starmie
|-resisted|p1a: Starmie
|-damage|p1a: Starmie|253/323 slp
|
|upkeep
|turn|3
|
|cant|p1a: Starmie|slp
|move|p2a: Jynx|Psychic|p1a: Starmie
|-crit|p1a: Starmie
|-resisted|p1a: Starmie
|-damage|p1a: Starmie|146/323 slp
|
|upkeep
|turn|4
|
|cant|p1a: Starmie|slp
|move|p2a: Jynx|Psychic|p1a: Starmie
|-resisted|p1a: Starmie
|-damage|p1a: Starmie|91/323 slp
|
|upkeep
|turn|5
|
|switch|p1a: Alakazam|Alakazam|313/313
|move|p2a: Jynx|Psychic|p1a: Alakazam
|-resisted|p1a: Alakazam
|-damage|p1a: Alakazam|272/313
|
|upkeep
|turn|6
|
|switch|p2a: Chansey|Chansey|703/703
|move|p1a: Alakazam|Thunder Wave|p2a: Chansey
|-status|p2a: Chansey|par
|
|upkeep
|turn|7
|
|move|p1a: Alakazam|Reflect|p1a: Alakazam
|-start|p1a: Alakazam|Reflect
|move|p2a: Chansey|Ice Beam|p1a: Alakazam
|-damage|p1a: Alakazam|212/313
|
|upkeep
|turn|8
|
|move|p1a: Alakazam|Psychic|p2a: Chansey
|-damage|p2a: Chansey|584/703 par
|-unboost|p2a: Chansey|spd|1
|-unboost|p2a: Chansey|spa|1
|move|p2a: Chansey|Ice Beam|p1a: Alakazam
|-damage|p1a: Alakazam|173/313
|
|upkeep
|turn|9
|
|switch|p2a: Jynx|Jynx|333/333
|move|p1a: Alakazam|Psychic|p2a: Jynx
|-resisted|p2a: Jynx
|-damage|p2a: Jynx|269/333
|-unboost|p2a: Jynx|spd|1
|-unboost|p2a: Jynx|spa|1
|
|upkeep
|turn|10
|
|switch|p2a: Chansey|Chansey|584/703 par
|move|p1a: Alakazam|Psychic|p2a: Chansey
|-crit|p2a: Chansey
|-damage|p2a: Chansey|335/703 par
|-unboost|p2a: Chansey|spd|1
|-unboost|p2a: Chansey|spa|1
|
|upkeep
|turn|11
|inactive|Magikarpli baba has 120 seconds left.
|
|move|p1a: Alakazam|Psychic|p2a: Chansey
|-damage|p2a: Chansey|130/703 par
|cant|p2a: Chansey|par
|
|upkeep
|turn|12
|
|switch|p2a: Jynx|Jynx|269/333
|move|p1a: Alakazam|Psychic|p2a: Jynx
|-resisted|p2a: Jynx
|-damage|p2a: Jynx|207/333
|
|upkeep
|turn|13
|
|move|p1a: Alakazam|Psychic|p2a: Jynx
|-resisted|p2a: Jynx
|-damage|p2a: Jynx|139/333
|move|p2a: Jynx|Blizzard|p1a: Alakazam
|-crit|p1a: Alakazam
|-damage|p1a: Alakazam|0 fnt
|faint|p1a: Alakazam
|inactive|Magikarpli baba has 90 seconds left.
|
|switch|p1a: Tauros|Tauros|353/353
|turn|14
|
|switch|p2a: Snorlax|Snorlax|523/523
|move|p1a: Tauros|Body Slam|p2a: Snorlax
|-damage|p2a: Snorlax|393/523
|
|upkeep
|turn|15
|
|switch|p1a: Exeggutor|Exeggutor|393/393
|move|p2a: Snorlax|Counter|p1a: Exeggutor
|-damage|p1a: Exeggutor|133/393
|
|upkeep
|turn|16
|
|switch|p2a: Chansey|Chansey|130/703 par
|move|p1a: Exeggutor|Sleep Powder|p2a: Chansey
|-fail|p2a: Chansey
|
|upkeep
|turn|17
|inactive|Magikarpli baba has 60 seconds left.
|inactive|Magikarpli baba has 30 seconds left.
|inactive|Magikarpli baba has 20 seconds left.
|inactive|Magikarpli baba has 15 seconds left.
|inactive|Magikarpli baba has 10 seconds left.
|
|switch|p2a: Jynx|Jynx|139/333
|move|p1a: Exeggutor|Psychic|p2a: Jynx
|-resisted|p2a: Jynx
|-damage|p2a: Jynx|73/333
|-unboost|p2a: Jynx|spd|1
|-unboost|p2a: Jynx|spa|1
|
|upkeep
|turn|18
|inactive|Magikarpli baba has 20 seconds left this turn.
|inactive|Magikarpli baba has 15 seconds left.
|inactive|Magikarpli baba has 10 seconds left.
|inactive|Magikarpli baba has 5 seconds left.
|
|move|p2a: Jynx|Blizzard|p1a: Exeggutor
|-crit|p1a: Exeggutor
|-supereffective|p1a: Exeggutor
|-damage|p1a: Exeggutor|0 fnt
|faint|p1a: Exeggutor
|inactive|Magikarpli baba has 15 seconds left this turn.
|inactive|Magikarpli baba has 10 seconds left.
|
|switch|p1a: Tauros|Tauros|353/353
|turn|19
|inactive|Magikarpli baba has 20 seconds left this turn.
|inactive|Magikarpli baba has 15 seconds left.
|
|move|p1a: Tauros|Body Slam|p2a: Jynx
|-damage|p2a: Jynx|0 fnt
|faint|p2a: Jynx
|inactive|Magikarpli baba has 25 seconds left this turn.
|
|switch|p2a: Snorlax|Snorlax|393/523
|turn|20
|inactive|Magikarpli baba has 30 seconds left.
|inactive|Magikarpli baba has 20 seconds left.
|inactive|Magikarpli baba has 15 seconds left.
|inactive|Magikarpli baba has 10 seconds left.
|
|switch|p1a: Chansey|Chansey|703/703
|move|p2a: Snorlax|Body Slam|p1a: Chansey
|-damage|p1a: Chansey|396/703
|
|upkeep
|turn|21
|inactive|Magikarpli baba has 20 seconds left this turn.
|inactive|Magikarpli baba has 15 seconds left.
|
|move|p1a: Chansey|Soft-Boiled|p1a: Chansey
|-heal|p1a: Chansey|703/703
|move|p2a: Snorlax|Self-Destruct|p1a: Chansey
|-damage|p1a: Chansey|0 fnt
|faint|p1a: Chansey
|faint|p2a: Snorlax
|inactive|Magikarpli baba has 25 seconds left this turn.
|inactive|Magikarpli baba has 20 seconds left.
|inactive|Magikarpli baba has 15 seconds left.
|inactive|Magikarpli baba has 10 seconds left.
|
|switch|p1a: Starmie|Starmie|91/323 slp
|switch|p2a: Zapdos|Zapdos|383/383
|turn|22
|inactive|Magikarpli baba has 20 seconds left this turn.
|inactive|Magikarpli baba has 15 seconds left.
|
|-curestatus|p1a: Starmie|slp|[msg]
|move|p2a: Zapdos|Thunderbolt|p1a: Starmie
|-supereffective|p1a: Starmie
|-damage|p1a: Starmie|0 fnt
|faint|p1a: Starmie
|inactive|Magikarpli baba has 25 seconds left this turn.
|inactive|Magikarpli baba has 20 seconds left.
|
|switch|p1a: Snorlax|Snorlax|523/523
|turn|23
|inactive|Magikarpli baba has 30 seconds left this turn.
|
|switch|p2a: Chansey|Chansey|130/703 par
|move|p1a: Snorlax|Body Slam|p2a: Chansey
|-crit|p2a: Chansey
|-damage|p2a: Chansey|0 fnt
|faint|p2a: Chansey
|
|switch|p2a: Exeggutor|Exeggutor|393/393
|turn|24
|
|move|p2a: Exeggutor|Sleep Powder|p1a: Snorlax
|-status|p1a: Snorlax|slp|[from] move: Sleep Powder
|cant|p1a: Snorlax|slp
|
|upkeep
|turn|25
|
|move|p2a: Exeggutor|Psychic|p1a: Snorlax
|-damage|p1a: Snorlax|363/523 slp
|cant|p1a: Snorlax|slp
|
|upkeep
|turn|26
|
|move|p2a: Exeggutor|Psychic|p1a: Snorlax
|-crit|p1a: Snorlax
|-damage|p1a: Snorlax|34/523 slp
|-curestatus|p1a: Snorlax|slp|[msg]
|
|upkeep
|turn|27
|inactive|Magikarpli baba has 60 seconds left.
|
|switch|p1a: Tauros|Tauros|353/353
|move|p2a: Exeggutor|Psychic|p1a: Tauros
|-damage|p1a: Tauros|190/353
|-unboost|p1a: Tauros|spd|1
|-unboost|p1a: Tauros|spa|1
|
|upkeep
|turn|28
|
|move|p1a: Tauros|Body Slam|p2a: Exeggutor
|-damage|p2a: Exeggutor|281/393
|move|p2a: Exeggutor|Psychic|p1a: Tauros
|-damage|p1a: Tauros|0 fnt
|faint|p1a: Tauros
|inactive|Magikarpli baba has 60 seconds left.
|c|☆blade1418|gg
|
|switch|p1a: Snorlax|Snorlax|34/523
|turn|29
|
|move|p2a: Exeggutor|Psychic|p1a: Snorlax
|-crit|p1a: Snorlax
|-damage|p1a: Snorlax|0 fnt
|faint|p1a: Snorlax
|
|win|blade1418
|raw|Magikarpli baba's rating: 1539 &rarr; <strong>1514</strong><br />(-25 for losing)
|raw|blade1418's rating: 1448 &rarr; <strong>1473</strong><br />(+25 for winning)
