|j|☆HU60LINK
|j|☆GothamCity1298031
|player|p1|HU60LINK|169
|player|p2|GothamCity1298031|266
|teamsize|p1|6
|teamsize|p2|6
|gametype|singles
|gen|1
|tier|[Gen 1] OU
|rated|
|rule|Sleep Clause Mod: Limit one foe put to sleep
|rule|Freeze Clause Mod: Limit one foe frozen
|rule|Species Clause: Limit one of each Pokémon
|rule|OHKO Clause: OHKO moves are banned
|rule|Evasion Moves Clause: Evasion moves are banned
|rule|HP Percentage Mod: HP is shown in percentages
|
|start
|switch|p1a: Exeggutor|Exeggutor|393/393
|switch|p2a: Alakazam|Alakazam|313/313
|turn|1
|inactive|Battle timer is ON: inactive players will automatically lose when time's up. (requested by HU60LINK)
|
|move|p2a: Alakazam|Thunder Wave|p1a: Exeggutor
|-status|p1a: Exeggutor|par
|move|p1a: Exeggutor|Sleep Powder|p2a: Alakazam
|-status|p2a: Alakazam|slp|[from] move: Sleep Powder
|
|upkeep
|turn|2
|
|switch|p2a: Gengar|Gengar|323/323
|move|p1a: Exeggutor|Psychic|p2a: Gengar
|-supereffective|p2a: Gengar
|-damage|p2a: Gengar|111/323
|
|upkeep
|turn|3
|
|move|p2a: Gengar|Hypnosis|p1a: Exeggutor|[miss]
|-miss|p2a: Gengar
|move|p1a: Exeggutor|Psychic|p2a: Gengar
|-supereffective|p2a: Gengar
|-damage|p2a: Gengar|0 fnt
|faint|p2a: Gengar
|
|switch|p2a: Zapdos|Zapdos|383/383
|turn|4
|
|switch|p1a: Rhydon|Rhydon|413/413
|move|p2a: Zapdos|Drill Peck|p1a: Rhydon
|-resisted|p1a: Rhydon
|-damage|p1a: Rhydon|376/413
|
|upkeep
|turn|5
|
|switch|p2a: Snorlax|Snorlax|523/523
|move|p1a: Rhydon|Substitute|p1a: Rhydon
|-start|p1a: Rhydon|Substitute
|-damage|p1a: Rhydon|273/413
|
|upkeep
|turn|6
|
|move|p1a: Rhydon|Earthquake|p2a: Snorlax
|-damage|p2a: Snorlax|336/523
|move|p2a: Snorlax|Earthquake|p1a: Rhydon
|-supereffective|p1a: Rhydon
|-end|p1a: Rhydon|Substitute
|
|upkeep
|turn|7
|
|switch|p1a: Zapdos|Zapdos|383/383
|move|p2a: Snorlax|Surf|p1a: Zapdos
|-damage|p1a: Zapdos|337/383
|
|upkeep
|turn|8
|
|move|p1a: Zapdos|Thunder Wave|p2a: Snorlax
|-status|p2a: Snorlax|par
|move|p2a: Snorlax|Self-Destruct|p1a: Zapdos
|-damage|p1a: Zapdos|0 fnt
|faint|p1a: Zapdos
|faint|p2a: Snorlax
|
|switch|p1a: Rhydon|Rhydon|273/413
|switch|p2a: Golem|Golem|363/363
|turn|9
|
|move|p2a: Golem|Earthquake|p1a: Rhydon
|-supereffective|p1a: Rhydon
|-damage|p1a: Rhydon|33/413
|move|p1a: Rhydon|Earthquake|p2a: Golem
|-supereffective|p2a: Golem
|-damage|p2a: Golem|135/363
|
|upkeep
|turn|10
|
|switch|p1a: Chansey|Chansey|703/703
|move|p2a: Golem|Body Slam|p1a: Chansey
|-damage|p1a: Chansey|525/703
|
|upkeep
|turn|11
|
|move|p1a: Chansey|Ice Beam|p2a: Golem
|-supereffective|p2a: Golem
|-damage|p2a: Golem|0 fnt
|faint|p2a: Golem
|
|switch|p2a: Alakazam|Alakazam|313/313 slp
|turn|12
|
|switch|p1a: Rhydon|Rhydon|33/413
|cant|p2a: Alakazam|slp
|
|upkeep
|turn|13
|
|cant|p2a: Alakazam|slp
|move|p1a: Rhydon|Rock Slide|p2a: Alakazam
|-damage|p2a: Alakazam|133/313 slp
|
|upkeep
|turn|14
|
|cant|p2a: Alakazam|slp
|move|p1a: Rhydon|Rock Slide|p2a: Alakazam|[miss]
|-miss|p1a: Rhydon
|
|upkeep
|turn|15
|
|cant|p2a: Alakazam|slp
|move|p1a: Rhydon|Earthquake|p2a: Alakazam
|-damage|p2a: Alakazam|0 fnt
|faint|p2a: Alakazam
|
|switch|p2a: Starmie|Starmie|323/323
|turn|16
|
|move|p2a: Starmie|Blizzard|p1a: Rhydon
|-supereffective|p1a: Rhydon
|-damage|p1a: Rhydon|0 fnt
|faint|p1a: Rhydon
|
|switch|p1a: Chansey|Chansey|525/703
|turn|17
|
|move|p2a: Starmie|Thunder Wave|p1a: Chansey
|-status|p1a: Chansey|par
|cant|p1a: Chansey|par
|
|upkeep
|turn|18
|
|move|p2a: Starmie|Blizzard|p1a: Chansey
|-crit|p1a: Chansey
|-damage|p1a: Chansey|334/703 par
|cant|p1a: Chansey|par
|
|upkeep
|turn|19
|
|move|p2a: Starmie|Blizzard|p1a: Chansey
|-damage|p1a: Chansey|238/703 par
|move|p1a: Chansey|Soft-Boiled|p1a: Chansey
|-heal|p1a: Chansey|589/703 par
|
|upkeep
|turn|20
|
|switch|p2a: Zapdos|Zapdos|383/383
|move|p1a: Chansey|Soft-Boiled|p1a: Chansey
|-heal|p1a: Chansey|703/703 par
|
|upkeep
|turn|21
|
|move|p2a: Zapdos|Drill Peck|p1a: Chansey
|-damage|p1a: Chansey|463/703 par
|cant|p1a: Chansey|par
|
|upkeep
|turn|22
|
|switch|p1a: Snorlax|Snorlax|523/523
|move|p2a: Zapdos|Drill Peck|p1a: Snorlax
|-damage|p1a: Snorlax|402/523
|
|upkeep
|turn|23
|
|move|p2a: Zapdos|Thunder Wave|p1a: Snorlax
|-status|p1a: Snorlax|par
|move|p1a: Snorlax|Self-Destruct|p2a: Zapdos
|-damage|p2a: Zapdos|0 fnt
|faint|p2a: Zapdos
|faint|p1a: Snorlax
|
|switch|p2a: Starmie|Starmie|323/323
|switch|p1a: Chansey|Chansey|463/703 par
|turn|24
|
|move|p2a: Starmie|Blizzard|p1a: Chansey
|-crit|p1a: Chansey
|-damage|p1a: Chansey|275/703 par
|move|p1a: Chansey|Soft-Boiled|p1a: Chansey
|-heal|p1a: Chansey|626/703 par
|
|upkeep
|turn|25
|
|move|p2a: Starmie|Blizzard|p1a: Chansey
|-damage|p1a: Chansey|532/703 par
|move|p1a: Chansey|Thunder Wave|p2a: Starmie
|-status|p2a: Starmie|par
|
|upkeep
|turn|26
|
|move|p2a: Starmie|Blizzard|p1a: Chansey
|-crit|p1a: Chansey
|-damage|p1a: Chansey|343/703 par
|move|p1a: Chansey|Thunderbolt|p2a: Starmie
|-supereffective|p2a: Starmie
|-damage|p2a: Starmie|159/323 par
|
|upkeep
|turn|27
|
|move|p2a: Starmie|Recover|p2a: Starmie
|-heal|p2a: Starmie|320/323 par
|move|p1a: Chansey|Soft-Boiled|p1a: Chansey
|-heal|p1a: Chansey|694/703 par
|
|upkeep
|turn|28
|
|move|p2a: Starmie|Blizzard|p1a: Chansey
|-crit|p1a: Chansey
|-damage|p1a: Chansey|526/703 par
|move|p1a: Chansey|Thunderbolt|p2a: Starmie
|-supereffective|p2a: Starmie
|-damage|p2a: Starmie|151/323 par
|
|upkeep
|turn|29
|
|move|p2a: Starmie|Recover|p2a: Starmie
|-heal|p2a: Starmie|312/323 par
|move|p1a: Chansey|Thunderbolt|p2a: Starmie
|-supereffective|p2a: Starmie
|-damage|p2a: Starmie|150/323 par
|
|upkeep
|turn|30
|
|move|p2a: Starmie|Recover|p2a: Starmie
|-heal|p2a: Starmie|311/323 par
|move|p1a: Chansey|Thunderbolt|p2a: Starmie
|-supereffective|p2a: Starmie
|-damage|p2a: Starmie|166/323 par
|
|upkeep
|turn|31
|
|move|p2a: Starmie|Recover|p2a: Starmie
|-heal|p2a: Starmie|323/323 par
|move|p1a: Chansey|Thunderbolt|p2a: Starmie
|-supereffective|p2a: Starmie
|-damage|p2a: Starmie|158/323 par
|
|upkeep
|turn|32
|
|move|p2a: Starmie|Recover|p2a: Starmie
|-heal|p2a: Starmie|319/323 par
|move|p1a: Chansey|Thunderbolt|p2a: Starmie
|-supereffective|p2a: Starmie
|-damage|p2a: Starmie|173/323 par
|
|upkeep
|turn|33
|
|cant|p2a: Starmie|par
|move|p1a: Chansey|Thunderbolt|p2a: Starmie
|-supereffective|p2a: Starmie
|-damage|p2a: Starmie|15/323 par
|
|upkeep
|turn|34
|
|cant|p2a: Starmie|par
|move|p1a: Chansey|Thunderbolt|p2a: Starmie
|-supereffective|p2a: Starmie
|-damage|p2a: Starmie|0 fnt
|faint|p2a: Starmie
|
|win|HU60LINK
|l|☆GothamCity1298031
|raw|HU60LINK's rating: 1131 &rarr; <strong>1147</strong><br />(+16 for winning)
|raw|GothamCity1298031's rating: 1000 &rarr; <strong>1000</strong><br />(+0 for losing)
