|j|☆pommepechepoire2
|j|☆shadowist
|player|p1|pommepechepoire2|102
|player|p2|shadowist|269
|teamsize|p1|6
|teamsize|p2|6
|gametype|singles
|gen|1
|tier|[Gen 1] OU
|rated|
|rule|Sleep Clause Mod: Limit one foe put to sleep
|rule|Freeze Clause Mod: Limit one foe frozen
|rule|Species Clause: Limit one of each Pokémon
|rule|OHKO Clause: OHKO moves are banned
|rule|Evasion Moves Clause: Evasion moves are banned
|rule|HP Percentage Mod: HP is shown in percentages
|
|start
|switch|p1a: Persian|Persian|333/333
|switch|p2a: Jynx|Jynx|333/333
|turn|1
|j| LeGrosTest
|inactive|Battle timer is ON: inactive players will automatically lose when time's up. (requested by pommepechepoire2)
|
|move|p1a: Persian|Body Slam|p2a: Jynx
|-crit|p2a: Jynx
|-damage|p2a: Jynx|62/333
|move|p2a: Jynx|Lovely Kiss|p1a: Persian
|-status|p1a: Persian|slp|[from] move: Lovely Kiss
|
|upkeep
|turn|2
|
|switch|p1a: Snorlax|Snorlax|523/523
|move|p2a: Jynx|Blizzard|p1a: Snorlax
|-damage|p1a: Snorlax|334/523
|
|upkeep
|turn|3
|
|move|p2a: Jynx|Blizzard|p1a: Snorlax
|-damage|p1a: Snorlax|160/523
|move|p1a: Snorlax|Body Slam|p2a: Jynx
|-damage|p2a: Jynx|0 fnt
|faint|p2a: Jynx
|
|switch|p2a: Cloyster|Cloyster|303/303
|turn|4
|
|switch|p1a: Persian|Persian|333/333 slp
|move|p2a: Cloyster|Blizzard|p1a: Persian
|-crit|p1a: Persian
|-damage|p1a: Persian|34/333 slp
|
|upkeep
|turn|5
|
|switch|p1a: Clefable|Clefable|393/393
|move|p2a: Cloyster|Clamp|p1a: Clefable|[miss]
|-miss|p2a: Cloyster
|
|upkeep
|turn|6
|
|switch|p2a: Chansey|Chansey|703/703
|move|p1a: Clefable|Sing|p2a: Chansey|[miss]
|-miss|p1a: Clefable
|
|upkeep
|turn|7
|inactive|pommepechepoire2 has 120 seconds left.
|
|move|p1a: Clefable|Sing|p2a: Chansey|[miss]
|-miss|p1a: Clefable
|move|p2a: Chansey|Thunder Wave|p1a: Clefable
|-status|p1a: Clefable|par
|
|upkeep
|turn|8
|
|switch|p2a: Alakazam|Alakazam|313/313
|cant|p1a: Clefable|par
|
|upkeep
|turn|9
|
|move|p2a: Alakazam|Psychic|p1a: Clefable
|-damage|p1a: Clefable|248/393 par
|move|p1a: Clefable|Sing|p2a: Alakazam|[miss]
|-miss|p1a: Clefable
|
|upkeep
|turn|10
|
|move|p2a: Alakazam|Psychic|p1a: Clefable
|-crit|p1a: Clefable
|-damage|p1a: Clefable|0 fnt
|faint|p1a: Clefable
|
|switch|p1a: Kangaskhan|Kangaskhan|413/413
|turn|11
|
|switch|p2a: Cloyster|Cloyster|303/303
|move|p1a: Kangaskhan|Hyper Beam|p2a: Cloyster
|-damage|p2a: Cloyster|196/303
|-mustrecharge|p1a: Kangaskhan
|
|upkeep
|turn|12
|
|cant|p1a: Kangaskhan|recharge
|move|p2a: Cloyster|Blizzard|p1a: Kangaskhan
|-damage|p1a: Kangaskhan|202/413
|
|upkeep
|turn|13
|
|move|p1a: Kangaskhan|Hyper Beam|p2a: Cloyster|[miss]
|-miss|p1a: Kangaskhan
|move|p2a: Cloyster|Blizzard|p1a: Kangaskhan
|-crit|p1a: Kangaskhan
|-damage|p1a: Kangaskhan|0 fnt
|faint|p1a: Kangaskhan
|
|switch|p1a: Tauros|Tauros|353/353
|turn|14
|
|move|p1a: Tauros|Hyper Beam|p2a: Cloyster|[miss]
|-miss|p1a: Tauros
|move|p2a: Cloyster|Blizzard|p1a: Tauros
|-damage|p1a: Tauros|186/353
|
|upkeep
|turn|15
|inactive|pommepechepoire2 has 120 seconds left.
|
|move|p1a: Tauros|Hyper Beam|p2a: Cloyster|[miss]
|-miss|p1a: Tauros
|move|p2a: Cloyster|Blizzard|p1a: Tauros
|-crit|p1a: Tauros
|-damage|p1a: Tauros|0 fnt
|faint|p1a: Tauros
|
|switch|p1a: Snorlax|Snorlax|160/523
|turn|16
|c|☆shadowist|sorry
|
|move|p2a: Cloyster|Blizzard|p1a: Snorlax
|-damage|p1a: Snorlax|0 fnt
|faint|p1a: Snorlax
|
|switch|p1a: Persian|Persian|34/333 slp
|turn|17
|
|cant|p1a: Persian|slp
|move|p2a: Cloyster|Clamp|p1a: Persian|[miss]
|-miss|p2a: Cloyster
|
|upkeep
|turn|18
|
|cant|p1a: Persian|slp
|move|p2a: Cloyster|Clamp|p1a: Persian|[miss]
|-miss|p2a: Cloyster
|
|upkeep
|turn|19
|
|cant|p1a: Persian|slp
|move|p2a: Cloyster|Clamp|p1a: Persian|[miss]
|-miss|p2a: Cloyster
|
|upkeep
|turn|20
|
|cant|p1a: Persian|slp
|move|p2a: Cloyster|Clamp|p1a: Persian|[miss]
|-miss|p2a: Cloyster
|
|upkeep
|turn|21
|
|cant|p1a: Persian|slp
|move|p2a: Cloyster|Clamp|p1a: Persian|[miss]
|-miss|p2a: Cloyster
|
|upkeep
|turn|22
|c| LeGrosTest|wow
|
|-curestatus|p1a: Persian|slp|[msg]
|move|p2a: Cloyster|Clamp|p1a: Persian
|-damage|p1a: Persian|0 fnt
|faint|p1a: Persian
|
|switch|p1a: Chansey|Chansey|703/703
|turn|23
|
|move|p2a: Cloyster|Clamp|p1a: Chansey
|-damage|p1a: Chansey|664/703
|cant|p1a: Chansey|partiallytrapped
|
|upkeep
|turn|24
|
|move|p2a: Cloyster|Clamp|p1a: Chansey|[from]Clamp
|-damage|p1a: Chansey|625/703
|cant|p1a: Chansey|partiallytrapped
|
|upkeep
|turn|25
|
|move|p2a: Cloyster|Clamp|p1a: Chansey
|-crit|p1a: Chansey
|-damage|p1a: Chansey|556/703
|cant|p1a: Chansey|partiallytrapped
|
|upkeep
|turn|26
|
|move|p2a: Cloyster|Clamp|p1a: Chansey|[from]Clamp
|-damage|p1a: Chansey|487/703
|cant|p1a: Chansey|partiallytrapped
|
|upkeep
|turn|27
|
|move|p2a: Cloyster|Clamp|p1a: Chansey|[from]Clamp
|-damage|p1a: Chansey|418/703
|cant|p1a: Chansey|partiallytrapped
|
|upkeep
|turn|28
|
|move|p2a: Cloyster|Clamp|p1a: Chansey|[from]Clamp
|-damage|p1a: Chansey|349/703
|cant|p1a: Chansey|partiallytrapped
|
|upkeep
|turn|29
|
|move|p2a: Cloyster|Clamp|p1a: Chansey
|-damage|p1a: Chansey|310/703
|cant|p1a: Chansey|partiallytrapped
|
|upkeep
|turn|30
|
|move|p2a: Cloyster|Clamp|p1a: Chansey|[from]Clamp
|-damage|p1a: Chansey|271/703
|cant|p1a: Chansey|partiallytrapped
|
|upkeep
|turn|31
|
|move|p2a: Cloyster|Clamp|p1a: Chansey|[from]Clamp
|-damage|p1a: Chansey|232/703
|cant|p1a: Chansey|partiallytrapped
|
|upkeep
|turn|32
|
|move|p2a: Cloyster|Clamp|p1a: Chansey|[from]Clamp
|-damage|p1a: Chansey|193/703
|cant|p1a: Chansey|partiallytrapped
|
|upkeep
|turn|33
|
|move|p2a: Cloyster|Clamp|p1a: Chansey|[from]Clamp
|-damage|p1a: Chansey|154/703
|cant|p1a: Chansey|partiallytrapped
|
|upkeep
|turn|34
|
|move|p2a: Cloyster|Hyper Beam|p1a: Chansey
|-damage|p1a: Chansey|0 fnt
|faint|p1a: Chansey
|
|win|shadowist
