|j|☆hammerhew
|j|☆rage1989
|player|p1|hammerhew|257
|player|p2|rage1989|210
|teamsize|p1|6
|teamsize|p2|6
|gametype|singles
|gen|1
|tier|[Gen 1] OU
|rated|
|rule|Sleep Clause Mod: Limit one foe put to sleep
|rule|Freeze Clause Mod: Limit one foe frozen
|rule|Species Clause: Limit one of each Pokémon
|rule|OHKO Clause: OHKO moves are banned
|rule|Evasion Moves Clause: Evasion moves are banned
|rule|HP Percentage Mod: HP is shown in percentages
|
|start
|switch|p1a: Exeggutor|Exeggutor|393/393
|switch|p2a: Jolteon|Jolteon|333/333
|turn|1
|
|switch|p2a: Exeggutor|Exeggutor|393/393
|move|p1a: Exeggutor|Stun Spore|p2a: Exeggutor|[miss]
|-miss|p1a: Exeggutor
|
|upkeep
|turn|2
|
|move|p2a: Exeggutor|Sleep Powder|p1a: Exeggutor
|-status|p1a: Exeggutor|slp|[from] move: Sleep Powder
|cant|p1a: Exeggutor|slp
|
|upkeep
|turn|3
|
|switch|p2a: Ninetales|Ninetales|349/349
|switch|p1a: Snorlax|Snorlax|523/523
|
|upkeep
|turn|4
|
|switch|p2a: Exeggutor|Exeggutor|393/393
|move|p1a: Snorlax|Amnesia|p1a: Snorlax
|-boost|p1a: Snorlax|spd|2
|-boost|p1a: Snorlax|spa|2
|
|upkeep
|turn|5
|
|move|p2a: Exeggutor|Psychic|p1a: Snorlax
|-crit|p1a: Snorlax
|-damage|p1a: Snorlax|199/523
|move|p1a: Snorlax|Amnesia|p1a: Snorlax
|-boost|p1a: Snorlax|spd|2
|-boost|p1a: Snorlax|spa|2
|
|upkeep
|turn|6
|
|move|p2a: Exeggutor|Psychic|p1a: Snorlax
|-crit|p1a: Snorlax
|-damage|p1a: Snorlax|0 fnt
|faint|p1a: Snorlax
|
|switch|p1a: Chansey|Chansey|703/703
|turn|7
|
|move|p2a: Exeggutor|Leech Seed|p1a: Chansey
|-start|p1a: Chansey|move: Leech Seed
|move|p1a: Chansey|Ice Beam|p2a: Exeggutor
|-supereffective|p2a: Exeggutor
|-damage|p2a: Exeggutor|264/393
|-damage|p1a: Chansey|660/703|[from] Leech Seed|[of] p2a: Exeggutor
|-heal|p2a: Exeggutor|307/393|[silent]
|
|upkeep
|turn|8
|
|switch|p2a: Tentacruel|Tentacruel|363/363
|move|p1a: Chansey|Thunderbolt|p2a: Tentacruel
|-supereffective|p2a: Tentacruel
|-damage|p2a: Tentacruel|236/363
|-damage|p1a: Chansey|617/703|[from] Leech Seed|[of] p2a: Tentacruel
|-heal|p2a: Tentacruel|279/363|[silent]
|
|upkeep
|turn|9
|
|switch|p1a: Alakazam|Alakazam|313/313
|move|p2a: Tentacruel|Wrap|p1a: Alakazam|[miss]
|-miss|p2a: Tentacruel
|
|upkeep
|turn|10
|
|switch|p2a: Exeggutor|Exeggutor|307/393
|move|p1a: Alakazam|Psychic|p2a: Exeggutor
|-crit|p2a: Exeggutor
|-resisted|p2a: Exeggutor
|-damage|p2a: Exeggutor|207/393
|
|upkeep
|turn|11
|
|move|p1a: Alakazam|Psychic|p2a: Exeggutor
|-resisted|p2a: Exeggutor
|-damage|p2a: Exeggutor|150/393
|-unboost|p2a: Exeggutor|spd|1
|-unboost|p2a: Exeggutor|spa|1
|move|p2a: Exeggutor|Leech Seed|p1a: Alakazam
|-start|p1a: Alakazam|move: Leech Seed
|
|upkeep
|turn|12
|
|move|p1a: Alakazam|Psychic|p2a: Exeggutor
|-crit|p2a: Exeggutor
|-resisted|p2a: Exeggutor
|-damage|p2a: Exeggutor|48/393
|-unboost|p2a: Exeggutor|spd|1
|-unboost|p2a: Exeggutor|spa|1
|-damage|p1a: Alakazam|294/313|[from] Leech Seed|[of] p2a: Exeggutor
|-heal|p2a: Exeggutor|67/393|[silent]
|move|p2a: Exeggutor|Mega Drain|p1a: Alakazam
|-damage|p1a: Alakazam|270/313
|-heal|p2a: Exeggutor|79/393|[from] drain|[of] p1a: Alakazam
|
|upkeep
|turn|13
|
|switch|p2a: Jolteon|Jolteon|333/333
|move|p1a: Alakazam|Psychic|p2a: Jolteon
|-damage|p2a: Jolteon|200/333
|-damage|p1a: Alakazam|251/313|[from] Leech Seed|[of] p2a: Jolteon
|-heal|p2a: Jolteon|219/333|[silent]
|
|upkeep
|turn|14
|
|switch|p1a: Chansey|Chansey|617/703
|move|p2a: Jolteon|Thunder Wave|p1a: Chansey
|-status|p1a: Chansey|par
|
|upkeep
|turn|15
|
|move|p2a: Jolteon|Body Slam|p1a: Chansey
|-crit|p1a: Chansey
|-damage|p1a: Chansey|340/703 par
|move|p1a: Chansey|Ice Beam|p2a: Jolteon
|-damage|p2a: Jolteon|149/333
|-status|p2a: Jolteon|frz
|
|upkeep
|turn|16
|
|switch|p2a: Tentacruel|Tentacruel|279/363
|move|p1a: Chansey|Soft-Boiled|p1a: Chansey
|-heal|p1a: Chansey|691/703 par
|
|upkeep
|turn|17
|
|move|p2a: Tentacruel|Wrap|p1a: Chansey
|-crit|p1a: Chansey
|-damage|p1a: Chansey|638/703 par
|cant|p1a: Chansey|partiallytrapped
|
|upkeep
|turn|18
|
|switch|p1a: Alakazam|Alakazam|251/313
|move|p2a: Tentacruel|Wrap|p1a: Alakazam
|-damage|p1a: Alakazam|236/313
|
|upkeep
|turn|19
|inactive|Battle timer is ON: inactive players will automatically lose when time's up. (requested by hammerhew)
|
|cant|p1a: Alakazam|partiallytrapped
|move|p2a: Tentacruel|Wrap|p1a: Alakazam|[from]Wrap
|-damage|p1a: Alakazam|221/313
|
|upkeep
|turn|20
|
|cant|p1a: Alakazam|partiallytrapped
|move|p2a: Tentacruel|Wrap|p1a: Alakazam|[from]Wrap
|-damage|p1a: Alakazam|206/313
|
|upkeep
|turn|21
|
|switch|p2a: Rhydon|Rhydon|413/413
|move|p1a: Alakazam|Psychic|p2a: Rhydon
|-damage|p2a: Rhydon|207/413
|-unboost|p2a: Rhydon|spd|1
|-unboost|p2a: Rhydon|spa|1
|
|upkeep
|turn|22
|-message|rage1989 forfeited.
|
|win|hammerhew
|l|☆rage1989
