|j|☆clorodulce♫☭
|j|☆iVibrant
|player|p1|clorodulce♫☭|25
|player|p2|iVibrant|265
|teamsize|p1|6
|teamsize|p2|6
|gametype|singles
|gen|1
|tier|[Gen 1] OU
|rated|Tournament battle
|rule|Sleep Clause Mod: Limit one foe put to sleep
|rule|Freeze Clause Mod: Limit one foe frozen
|rule|Species Clause: Limit one of each Pokémon
|rule|OHKO Clause: OHKO moves are banned
|rule|Evasion Moves Clause: Evasion moves are banned
|rule|HP Percentage Mod: HP is shown in percentages
|
|start
|switch|p1a: Alakazam|Alakazam|313/313
|switch|p2a: Alakazam|Alakazam|313/313
|turn|1
|
|switch|p1a: Chansey|Chansey|703/703
|move|p2a: Alakazam|Thunder Wave|p1a: Chansey
|-status|p1a: Chansey|par
|
|upkeep
|turn|2
|
|move|p2a: Alakazam|Psychic|p1a: Chansey
|-crit|p1a: Chansey
|-damage|p1a: Chansey|468/703 par
|-unboost|p1a: Chansey|spd|1
|-unboost|p1a: Chansey|spa|1
|move|p1a: Chansey|Thunder Wave|p2a: Alakazam
|-status|p2a: Alakazam|par
|
|upkeep
|turn|3
|
|switch|p1a: Exeggutor|Exeggutor|393/393
|move|p2a: Alakazam|Psychic|p1a: Exeggutor
|-resisted|p1a: Exeggutor
|-damage|p1a: Exeggutor|337/393
|
|upkeep
|turn|4
|
|switch|p1a: Lapras|Lapras|463/463
|switch|p2a: Tauros|Tauros|353/353
|
|upkeep
|turn|5
|
|move|p2a: Tauros|Body Slam|p1a: Lapras
|-damage|p1a: Lapras|348/463
|move|p1a: Lapras|Sing|p2a: Tauros|[miss]
|-miss|p1a: Lapras
|
|upkeep
|turn|6
|
|switch|p2a: Snorlax|Snorlax|523/523
|move|p1a: Lapras|Sing|p2a: Snorlax
|-status|p2a: Snorlax|slp|[from] move: Sing
|
|upkeep
|turn|7
|
|switch|p1a: Tauros|Tauros|353/353
|switch|p2a: Tauros|Tauros|353/353
|
|upkeep
|turn|8
|
|move|p2a: Tauros|Body Slam|p1a: Tauros
|-damage|p1a: Tauros|244/353
|move|p1a: Tauros|Body Slam|p2a: Tauros
|-damage|p2a: Tauros|242/353
|
|upkeep
|turn|9
|
|move|p2a: Tauros|Body Slam|p1a: Tauros
|-damage|p1a: Tauros|146/353
|move|p1a: Tauros|Body Slam|p2a: Tauros
|-damage|p2a: Tauros|135/353
|
|upkeep
|turn|10
|
|move|p2a: Tauros|Hyper Beam|p1a: Tauros
|-damage|p1a: Tauros|0 fnt
|faint|p1a: Tauros
|
|switch|p1a: Alakazam|Alakazam|313/313
|turn|11
|
|move|p1a: Alakazam|Psychic|p2a: Tauros
|-damage|p2a: Tauros|0 fnt
|faint|p2a: Tauros
|
|switch|p2a: Exeggutor|Exeggutor|393/393
|turn|12
|
|switch|p1a: Chansey|Chansey|468/703 par
|move|p2a: Exeggutor|Sleep Powder|p1a: Chansey|[miss]
|-miss|p2a: Exeggutor
|
|upkeep
|turn|13
|
|move|p2a: Exeggutor|Psychic|p1a: Chansey
|-damage|p1a: Chansey|352/703 par
|move|p1a: Chansey|Thunder Wave|p2a: Exeggutor
|-status|p2a: Exeggutor|par
|
|upkeep
|turn|14
|
|move|p2a: Exeggutor|Double-Edge|p1a: Chansey
|-damage|p1a: Chansey|160/703 par
|-damage|p2a: Exeggutor|345/393 par|[from] Recoil|[of] p1a: Chansey
|move|p1a: Chansey|Soft-Boiled|p1a: Chansey
|-heal|p1a: Chansey|511/703 par
|
|upkeep
|turn|15
|
|move|p2a: Exeggutor|Double-Edge|p1a: Chansey
|-damage|p1a: Chansey|309/703 par
|-damage|p2a: Exeggutor|295/393 par|[from] Recoil|[of] p1a: Chansey
|move|p1a: Chansey|Reflect|p1a: Chansey
|-start|p1a: Chansey|Reflect
|
|upkeep
|turn|16
|
|cant|p2a: Exeggutor|par
|move|p1a: Chansey|Soft-Boiled|p1a: Chansey
|-heal|p1a: Chansey|660/703 par
|
|upkeep
|turn|17
|
|switch|p2a: Chansey|Chansey|703/703
|move|p1a: Chansey|Seismic Toss|p2a: Chansey
|-damage|p2a: Chansey|603/703
|
|upkeep
|turn|18
|
|move|p2a: Chansey|Reflect|p2a: Chansey
|-start|p2a: Chansey|Reflect
|move|p1a: Chansey|Thunder Wave|p2a: Chansey
|-status|p2a: Chansey|par
|
|upkeep
|turn|19
|
|switch|p1a: Snorlax|Snorlax|523/523
|move|p2a: Chansey|Seismic Toss|p1a: Snorlax
|-damage|p1a: Snorlax|423/523
|
|upkeep
|turn|20
|
|move|p1a: Snorlax|Amnesia|p1a: Snorlax
|-boost|p1a: Snorlax|spd|2
|-boost|p1a: Snorlax|spa|2
|move|p2a: Chansey|Seismic Toss|p1a: Snorlax
|-damage|p1a: Snorlax|323/523
|
|upkeep
|turn|21
|
|move|p1a: Snorlax|Amnesia|p1a: Snorlax
|-boost|p1a: Snorlax|spd|2
|-boost|p1a: Snorlax|spa|2
|move|p2a: Chansey|Seismic Toss|p1a: Snorlax
|-damage|p1a: Snorlax|223/523
|
|upkeep
|turn|22
|
|move|p1a: Snorlax|Amnesia|p1a: Snorlax
|-boost|p1a: Snorlax|spd|2
|-boost|p1a: Snorlax|spa|2
|move|p2a: Chansey|Seismic Toss|p1a: Snorlax
|-damage|p1a: Snorlax|123/523
|
|upkeep
|turn|23
|
|move|p1a: Snorlax|Blizzard|p2a: Chansey|[miss]
|-miss|p1a: Snorlax
|move|p2a: Chansey|Seismic Toss|p1a: Snorlax
|-damage|p1a: Snorlax|23/523
|
|upkeep
|turn|24
|
|move|p1a: Snorlax|Rest|p1a: Snorlax
|-status|p1a: Snorlax|slp|[from] move: Rest
|-heal|p1a: Snorlax|523/523 slp|[silent]
|cant|p2a: Chansey|par
|
|upkeep
|turn|25
|
|cant|p1a: Snorlax|slp
|move|p2a: Chansey|Seismic Toss|p1a: Snorlax
|-damage|p1a: Snorlax|423/523 slp
|
|upkeep
|turn|26
|
|-curestatus|p1a: Snorlax|slp|[msg]
|move|p2a: Chansey|Seismic Toss|p1a: Snorlax
|-damage|p1a: Snorlax|323/523
|
|upkeep
|turn|27
|
|move|p1a: Snorlax|Blizzard|p2a: Chansey
|-damage|p2a: Chansey|348/703 par
|cant|p2a: Chansey|par
|
|upkeep
|turn|28
|
|move|p1a: Snorlax|Blizzard|p2a: Chansey
|-damage|p2a: Chansey|84/703 par
|move|p2a: Chansey|Thunder Wave|p1a: Snorlax
|-status|p1a: Snorlax|par
|
|upkeep
|turn|29
|
|move|p1a: Snorlax|Body Slam|p2a: Chansey
|-damage|p2a: Chansey|0 fnt
|faint|p2a: Chansey
|
|switch|p2a: Snorlax|Snorlax|523/523 slp
|turn|30
|
|cant|p2a: Snorlax|slp
|move|p1a: Snorlax|Blizzard|p2a: Snorlax
|-damage|p2a: Snorlax|161/523 slp
|
|upkeep
|turn|31
|
|cant|p2a: Snorlax|slp
|move|p1a: Snorlax|Blizzard|p2a: Snorlax
|-damage|p2a: Snorlax|0 fnt
|faint|p2a: Snorlax
|
|switch|p2a: Zapdos|Zapdos|383/383
|turn|32
|
|move|p2a: Zapdos|Drill Peck|p1a: Snorlax
|-crit|p1a: Snorlax
|-damage|p1a: Snorlax|89/523 par
|move|p1a: Snorlax|Blizzard|p2a: Zapdos
|-supereffective|p2a: Zapdos
|-damage|p2a: Zapdos|0 fnt
|faint|p2a: Zapdos
|
|switch|p2a: Alakazam|Alakazam|313/313 par
|turn|33
|
|move|p2a: Alakazam|Psychic|p1a: Snorlax
|-damage|p1a: Snorlax|48/523 par
|-unboost|p1a: Snorlax|spd|1
|-unboost|p1a: Snorlax|spa|1
|cant|p1a: Snorlax|par
|
|upkeep
|turn|34
|
|move|p2a: Alakazam|Seismic Toss|p1a: Snorlax
|-damage|p1a: Snorlax|0 fnt
|faint|p1a: Snorlax
|
|switch|p1a: Exeggutor|Exeggutor|337/393
|turn|35
|
|move|p1a: Exeggutor|Explosion|p2a: Alakazam
|-damage|p2a: Alakazam|0 fnt
|faint|p2a: Alakazam
|faint|p1a: Exeggutor
|inactive|Battle timer is ON: inactive players will automatically lose when time's up. (requested by clorodulce♫☭)
|j| alpha male psyduck
|inactive|iVibrant has 120 seconds left.
|l| alpha male psyduck
|inactive|iVibrant has 90 seconds left.
|
|switch|p1a: Lapras|Lapras|348/463
|switch|p2a: Exeggutor|Exeggutor|295/393 par
|turn|36
|inactive|clorodulce♫☭ has 120 seconds left.
|inactive|iVibrant has 120 seconds left.
|inactive|iVibrant has 90 seconds left.
|inactive|iVibrant has 60 seconds left.
|inactive|iVibrant has 30 seconds left.
|inactive|iVibrant has 20 seconds left.
|
|move|p1a: Lapras|Blizzard|p2a: Exeggutor|[miss]
|-miss|p1a: Lapras
|move|p2a: Exeggutor|Sleep Powder|p1a: Lapras|[miss]
|-miss|p2a: Exeggutor
|
|upkeep
|turn|37
|inactive|iVibrant has 30 seconds left this turn.
|inactive|iVibrant has 20 seconds left.
|
|move|p1a: Lapras|Blizzard|p2a: Exeggutor
|-supereffective|p2a: Exeggutor
|-damage|p2a: Exeggutor|63/393 par
|move|p2a: Exeggutor|Sleep Powder|p1a: Lapras
|-status|p1a: Lapras|slp|[from] move: Sleep Powder
|
|upkeep
|turn|38
|inactive|iVibrant has 30 seconds left this turn.
|inactive|clorodulce♫☭ has 120 seconds left.
|inactive|iVibrant has 20 seconds left.
|
|switch|p1a: Chansey|Chansey|660/703 par
|move|p2a: Exeggutor|Psychic|p1a: Chansey
|-damage|p1a: Chansey|546/703 par
|-unboost|p1a: Chansey|spd|1
|-unboost|p1a: Chansey|spa|1
|
|upkeep
|turn|39
|inactive|iVibrant has 30 seconds left this turn.
|
|move|p2a: Exeggutor|Psychic|p1a: Chansey
|-damage|p1a: Chansey|377/703 par
|move|p1a: Chansey|Seismic Toss|p2a: Exeggutor
|-damage|p2a: Exeggutor|0 fnt
|faint|p2a: Exeggutor
|
|win|clorodulce♫☭
