|j|☆Faolchu
|j|☆Anything420
|player|p1|Faolchu|162
|player|p2|Anything420|53
|teamsize|p1|6
|teamsize|p2|6
|gametype|singles
|gen|1
|tier|[Gen 1] OU
|rated|
|rule|Sleep Clause Mod: Limit one foe put to sleep
|rule|Freeze Clause Mod: Limit one foe frozen
|rule|Species Clause: Limit one of each Pokémon
|rule|OHKO Clause: OHKO moves are banned
|rule|Evasion Moves Clause: Evasion moves are banned
|rule|HP Percentage Mod: HP is shown in percentages
|
|start
|switch|p1a: Starmie|Starmie|323/323
|switch|p2a: Exeggutor|Exeggutor|393/393
|turn|1
|inactive|Battle timer is ON: inactive players will automatically lose when time's up. (requested by Anything420)
|
|move|p1a: Starmie|Blizzard|p2a: Exeggutor
|-supereffective|p2a: Exeggutor
|-damage|p2a: Exeggutor|222/393
|move|p2a: Exeggutor|Stun Spore|p1a: Starmie
|-status|p1a: Starmie|par
|
|upkeep
|turn|2
|
|move|p2a: Exeggutor|Mega Drain|p1a: Starmie
|-supereffective|p1a: Starmie
|-damage|p1a: Starmie|202/323 par
|-heal|p2a: Exeggutor|282/393|[from] drain|[of] p1a: Starmie
|cant|p1a: Starmie|par
|
|upkeep
|turn|3
|
|switch|p1a: Victreebel|Victreebel|363/363
|move|p2a: Exeggutor|Mega Drain|p1a: Victreebel
|-resisted|p1a: Victreebel
|-damage|p1a: Victreebel|349/363
|-heal|p2a: Exeggutor|289/393|[from] drain|[of] p1a: Victreebel
|
|upkeep
|turn|4
|
|move|p1a: Victreebel|Sleep Powder|p2a: Exeggutor
|-status|p2a: Exeggutor|slp|[from] move: Sleep Powder
|cant|p2a: Exeggutor|slp
|
|upkeep
|turn|5
|
|move|p1a: Victreebel|Razor Leaf|p2a: Exeggutor
|-crit|p2a: Exeggutor
|-resisted|p2a: Exeggutor
|-damage|p2a: Exeggutor|236/393 slp
|cant|p2a: Exeggutor|slp
|
|upkeep
|turn|6
|inactive|Faolchu has 120 seconds left.
|
|move|p1a: Victreebel|Razor Leaf|p2a: Exeggutor
|-crit|p2a: Exeggutor
|-resisted|p2a: Exeggutor
|-damage|p2a: Exeggutor|185/393 slp
|cant|p2a: Exeggutor|slp
|
|upkeep
|turn|7
|
|move|p1a: Victreebel|Razor Leaf|p2a: Exeggutor
|-crit|p2a: Exeggutor
|-resisted|p2a: Exeggutor
|-damage|p2a: Exeggutor|134/393 slp
|cant|p2a: Exeggutor|slp
|
|upkeep
|turn|8
|
|move|p1a: Victreebel|Razor Leaf|p2a: Exeggutor
|-crit|p2a: Exeggutor
|-resisted|p2a: Exeggutor
|-damage|p2a: Exeggutor|78/393 slp
|cant|p2a: Exeggutor|slp
|
|upkeep
|turn|9
|
|switch|p2a: Jynx|Jynx|333/333
|move|p1a: Victreebel|Razor Leaf|p2a: Jynx
|-crit|p2a: Jynx
|-damage|p2a: Jynx|195/333
|
|upkeep
|turn|10
|
|switch|p1a: Starmie|Starmie|202/323 par
|move|p2a: Jynx|Blizzard|p1a: Starmie
|-resisted|p1a: Starmie
|-damage|p1a: Starmie|132/323 par
|
|upkeep
|turn|11
|
|switch|p2a: Lapras|Lapras|463/463
|move|p1a: Starmie|Recover|p1a: Starmie
|-heal|p1a: Starmie|293/323 par
|
|upkeep
|turn|12
|
|move|p2a: Lapras|Confuse Ray|p1a: Starmie
|-start|p1a: Starmie|confusion
|-activate|p1a: Starmie|confusion
|move|p1a: Starmie|Thunderbolt|p2a: Lapras
|-supereffective|p2a: Lapras
|-damage|p2a: Lapras|311/463
|
|upkeep
|turn|13
|
|move|p2a: Lapras|Thunderbolt|p1a: Starmie
|-supereffective|p1a: Starmie
|-damage|p1a: Starmie|149/323 par
|-activate|p1a: Starmie|confusion
|-damage|p1a: Starmie|116/323 par|[from] confusion
|
|upkeep
|turn|14
|
|switch|p1a: Victreebel|Victreebel|349/363
|move|p2a: Lapras|Thunderbolt|p1a: Victreebel
|-resisted|p1a: Victreebel
|-damage|p1a: Victreebel|311/363
|
|upkeep
|turn|15
|
|move|p1a: Victreebel|Razor Leaf|p2a: Lapras
|-crit|p2a: Lapras
|-supereffective|p2a: Lapras
|-damage|p2a: Lapras|63/463
|move|p2a: Lapras|Confuse Ray|p1a: Victreebel
|-start|p1a: Victreebel|confusion
|
|upkeep
|turn|16
|
|switch|p1a: Chansey|Chansey|703/703
|move|p2a: Lapras|Blizzard|p1a: Chansey
|-damage|p1a: Chansey|563/703
|
|upkeep
|turn|17
|
|move|p2a: Lapras|Body Slam|p1a: Chansey
|-damage|p1a: Chansey|391/703
|move|p1a: Chansey|Thunderbolt|p2a: Lapras
|-supereffective|p2a: Lapras
|-damage|p2a: Lapras|0 fnt
|faint|p2a: Lapras
|
|switch|p2a: Tauros|Tauros|353/353
|turn|18
|
|switch|p1a: Lapras|Lapras|463/463
|move|p2a: Tauros|Body Slam|p1a: Lapras
|-damage|p1a: Lapras|347/463
|
|upkeep
|turn|19
|
|move|p2a: Tauros|Body Slam|p1a: Lapras
|-crit|p1a: Lapras
|-damage|p1a: Lapras|122/463
|move|p1a: Lapras|Blizzard|p2a: Tauros
|-damage|p2a: Tauros|177/353
|
|upkeep
|turn|20
|
|move|p2a: Tauros|Hyper Beam|p1a: Lapras
|-crit|p1a: Lapras
|-damage|p1a: Lapras|0 fnt
|faint|p1a: Lapras
|
|switch|p1a: Tauros|Tauros|353/353
|turn|21
|
|move|p1a: Tauros|Body Slam|p2a: Tauros
|-damage|p2a: Tauros|78/353
|move|p2a: Tauros|Body Slam|p1a: Tauros
|-damage|p1a: Tauros|245/353
|
|upkeep
|turn|22
|
|move|p2a: Tauros|Body Slam|p1a: Tauros
|-crit|p1a: Tauros
|-damage|p1a: Tauros|58/353
|move|p1a: Tauros|Body Slam|p2a: Tauros
|-crit|p2a: Tauros
|-damage|p2a: Tauros|0 fnt
|faint|p2a: Tauros
|
|switch|p2a: Alakazam|Alakazam|313/313
|turn|23
|
|switch|p1a: Chansey|Chansey|391/703
|move|p2a: Alakazam|Psychic|p1a: Chansey
|-damage|p1a: Chansey|267/703
|
|upkeep
|turn|24
|
|move|p2a: Alakazam|Thunder Wave|p1a: Chansey
|-status|p1a: Chansey|par
|move|p1a: Chansey|Soft-Boiled|p1a: Chansey
|-heal|p1a: Chansey|618/703 par
|
|upkeep
|turn|25
|
|move|p2a: Alakazam|Psychic|p1a: Chansey
|-crit|p1a: Chansey
|-damage|p1a: Chansey|387/703 par
|-unboost|p1a: Chansey|spd|1
|-unboost|p1a: Chansey|spa|1
|move|p1a: Chansey|Thunder Wave|p2a: Alakazam
|-status|p2a: Alakazam|par
|
|upkeep
|turn|26
|
|move|p2a: Alakazam|Psychic|p1a: Chansey
|-damage|p1a: Chansey|184/703 par
|move|p1a: Chansey|Soft-Boiled|p1a: Chansey
|-heal|p1a: Chansey|535/703 par
|
|upkeep
|turn|27
|
|switch|p1a: Starmie|Starmie|116/323 par
|cant|p2a: Alakazam|par
|
|upkeep
|turn|28
|c|☆Anything420|You have a good team
|
|switch|p2a: Chansey|Chansey|703/703
|cant|p1a: Starmie|par
|
|upkeep
|turn|29
|
|switch|p1a: Chansey|Chansey|535/703 par
|move|p2a: Chansey|Thunderbolt|p1a: Chansey
|-damage|p1a: Chansey|465/703 par
|
|upkeep
|turn|30
|
|switch|p2a: Exeggutor|Exeggutor|78/393 slp
|cant|p1a: Chansey|par
|
|upkeep
|turn|31
|
|-curestatus|p2a: Exeggutor|slp|[msg]
|move|p1a: Chansey|Ice Beam|p2a: Exeggutor
|-supereffective|p2a: Exeggutor
|-damage|p2a: Exeggutor|0 fnt
|faint|p2a: Exeggutor
|
|switch|p2a: Jynx|Jynx|195/333
|turn|32
|
|move|p2a: Jynx|Blizzard|p1a: Chansey
|-crit|p1a: Chansey
|-damage|p1a: Chansey|225/703 par
|move|p1a: Chansey|Thunder Wave|p2a: Jynx
|-status|p2a: Jynx|par
|
|upkeep
|turn|33
|
|move|p2a: Jynx|Blizzard|p1a: Chansey
|-crit|p1a: Chansey
|-damage|p1a: Chansey|0 fnt
|faint|p1a: Chansey
|
|switch|p1a: Nidoking|Nidoking|365/365
|turn|34
|
|move|p1a: Nidoking|Earthquake|p2a: Jynx
|-damage|p2a: Jynx|3/333 par
|move|p2a: Jynx|Lovely Kiss|p1a: Nidoking
|-status|p1a: Nidoking|slp|[from] move: Lovely Kiss
|
|upkeep
|turn|35
|
|switch|p1a: Starmie|Starmie|116/323 par
|move|p2a: Jynx|Blizzard|p1a: Starmie
|-crit|p1a: Starmie
|-resisted|p1a: Starmie
|-damage|p1a: Starmie|0 fnt
|faint|p1a: Starmie
|
|switch|p1a: Tauros|Tauros|58/353
|turn|36
|
|move|p1a: Tauros|Body Slam|p2a: Jynx
|-damage|p2a: Jynx|0 fnt
|faint|p2a: Jynx
|
|switch|p2a: Chansey|Chansey|703/703
|turn|37
|
|switch|p1a: Nidoking|Nidoking|365/365 slp
|move|p2a: Chansey|Ice Beam|p1a: Nidoking
|-supereffective|p1a: Nidoking
|-damage|p1a: Nidoking|187/365 slp
|
|upkeep
|turn|38
|
|cant|p1a: Nidoking|slp
|move|p2a: Chansey|Ice Beam|p1a: Nidoking
|-supereffective|p1a: Nidoking
|-damage|p1a: Nidoking|8/365 slp
|
|upkeep
|turn|39
|
|cant|p1a: Nidoking|slp
|move|p2a: Chansey|Ice Beam|p1a: Nidoking
|-supereffective|p1a: Nidoking
|-damage|p1a: Nidoking|0 fnt
|faint|p1a: Nidoking
|
|switch|p1a: Victreebel|Victreebel|311/363
|turn|40
|
|switch|p2a: Alakazam|Alakazam|313/313 par
|move|p1a: Victreebel|Wrap|p2a: Alakazam|[miss]
|-miss|p1a: Victreebel
|
|upkeep
|turn|41
|
|move|p1a: Victreebel|Wrap|p2a: Alakazam
|-damage|p2a: Alakazam|293/313 par
|cant|p2a: Alakazam|partiallytrapped
|
|upkeep
|turn|42
|
|move|p1a: Victreebel|Wrap|p2a: Alakazam|[from]Wrap
|-damage|p2a: Alakazam|273/313 par
|cant|p2a: Alakazam|partiallytrapped
|
|upkeep
|turn|43
|
|move|p1a: Victreebel|Wrap|p2a: Alakazam|[from]Wrap
|-damage|p2a: Alakazam|253/313 par
|cant|p2a: Alakazam|partiallytrapped
|
|upkeep
|turn|44
|
|move|p1a: Victreebel|Wrap|p2a: Alakazam
|-damage|p2a: Alakazam|235/313 par
|cant|p2a: Alakazam|partiallytrapped
|
|upkeep
|turn|45
|
|move|p1a: Victreebel|Wrap|p2a: Alakazam|[from]Wrap
|-damage|p2a: Alakazam|217/313 par
|cant|p2a: Alakazam|partiallytrapped
|
|upkeep
|turn|46
|
|move|p1a: Victreebel|Wrap|p2a: Alakazam
|-damage|p2a: Alakazam|197/313 par
|cant|p2a: Alakazam|partiallytrapped
|
|upkeep
|turn|47
|
|move|p1a: Victreebel|Wrap|p2a: Alakazam|[from]Wrap
|-damage|p2a: Alakazam|177/313 par
|cant|p2a: Alakazam|partiallytrapped
|
|upkeep
|turn|48
|
|move|p1a: Victreebel|Wrap|p2a: Alakazam
|-damage|p2a: Alakazam|157/313 par
|cant|p2a: Alakazam|partiallytrapped
|
|upkeep
|turn|49
|
|move|p1a: Victreebel|Wrap|p2a: Alakazam|[from]Wrap
|-damage|p2a: Alakazam|137/313 par
|cant|p2a: Alakazam|partiallytrapped
|
|upkeep
|turn|50
|
|move|p1a: Victreebel|Wrap|p2a: Alakazam|[miss]
|-miss|p1a: Victreebel
|move|p2a: Alakazam|Psychic|p1a: Victreebel
|-supereffective|p1a: Victreebel
|-damage|p1a: Victreebel|49/363
|
|upkeep
|turn|51
|
|move|p1a: Victreebel|Wrap|p2a: Alakazam
|-damage|p2a: Alakazam|116/313 par
|cant|p2a: Alakazam|partiallytrapped
|
|upkeep
|turn|52
|
|switch|p2a: Chansey|Chansey|703/703
|move|p1a: Victreebel|Wrap|p2a: Chansey
|-damage|p2a: Chansey|668/703
|
|upkeep
|turn|53
|
|move|p1a: Victreebel|Wrap|p2a: Chansey|[from]Wrap
|-damage|p2a: Chansey|633/703
|cant|p2a: Chansey|partiallytrapped
|
|upkeep
|turn|54
|
|move|p1a: Victreebel|Wrap|p2a: Chansey|[from]Wrap
|-damage|p2a: Chansey|598/703
|cant|p2a: Chansey|partiallytrapped
|
|upkeep
|turn|55
|
|move|p1a: Victreebel|Wrap|p2a: Chansey|[from]Wrap
|-damage|p2a: Chansey|563/703
|cant|p2a: Chansey|partiallytrapped
|
|upkeep
|turn|56
|
|move|p1a: Victreebel|Wrap|p2a: Chansey|[from]Wrap
|-damage|p2a: Chansey|528/703
|cant|p2a: Chansey|partiallytrapped
|
|upkeep
|turn|57
|
|move|p1a: Victreebel|Sleep Powder|p2a: Chansey
|-status|p2a: Chansey|slp|[from] move: Sleep Powder
|cant|p2a: Chansey|slp
|
|upkeep
|turn|58
|
|switch|p1a: Tauros|Tauros|58/353
|-curestatus|p2a: Chansey|slp|[msg]
|
|upkeep
|turn|59
|
|move|p1a: Tauros|Hyper Beam|p2a: Chansey
|-damage|p2a: Chansey|66/703
|-mustrecharge|p1a: Tauros
|move|p2a: Chansey|Ice Beam|p1a: Tauros
|-damage|p1a: Tauros|0 fnt
|faint|p1a: Tauros
|
|switch|p1a: Victreebel|Victreebel|49/363
|turn|60
|
|move|p1a: Victreebel|Razor Leaf|p2a: Chansey
|-crit|p2a: Chansey
|-damage|p2a: Chansey|0 fnt
|faint|p2a: Chansey
|
|switch|p2a: Alakazam|Alakazam|116/313 par
|turn|61
|
|move|p1a: Victreebel|Wrap|p2a: Alakazam|[miss]
|-miss|p1a: Victreebel
|move|p2a: Alakazam|Psychic|p1a: Victreebel
|-supereffective|p1a: Victreebel
|-damage|p1a: Victreebel|0 fnt
|faint|p1a: Victreebel
|
|win|Anything420
|c|☆Anything420|Gg that was close
|raw|Faolchu's rating: 1390 &rarr; <strong>1359</strong><br />(-31 for losing)
|raw|Anything420's rating: 1156 &rarr; <strong>1196</strong><br />(+40 for winning)
