|j|☆PainterOfLeTempest
|j|☆Master Hiko
|player|p1|PainterOfLeTempest|266
|player|p2|Master Hiko|265
|teamsize|p1|6
|teamsize|p2|6
|gametype|singles
|gen|1
|tier|[Gen 1] OU
|rated|
|rule|Sleep Clause Mod: Limit one foe put to sleep
|rule|Freeze Clause Mod: Limit one foe frozen
|rule|Species Clause: Limit one of each Pokémon
|rule|OHKO Clause: OHKO moves are banned
|rule|Evasion Moves Clause: Evasion moves are banned
|rule|HP Percentage Mod: HP is shown in percentages
|
|start
|switch|p1a: Gengar|Gengar|323/323
|switch|p2a: Jynx|Jynx|333/333
|turn|1
|
|move|p1a: Gengar|Hypnosis|p2a: Jynx|[miss]
|-miss|p1a: Gengar
|move|p2a: Jynx|Psychic|p1a: Gengar
|-supereffective|p1a: Gengar
|-damage|p1a: Gengar|148/323
|-unboost|p1a: Gengar|spd|1
|-unboost|p1a: Gengar|spa|1
|
|upkeep
|turn|2
|
|move|p1a: Gengar|Hypnosis|p2a: Jynx|[miss]
|-miss|p1a: Gengar
|move|p2a: Jynx|Psychic|p1a: Gengar
|-crit|p1a: Gengar
|-supereffective|p1a: Gengar
|-damage|p1a: Gengar|0 fnt
|faint|p1a: Gengar
|
|switch|p1a: Alakazam|Alakazam|313/313
|turn|3
|
|move|p1a: Alakazam|Thunder Wave|p2a: Jynx
|-status|p2a: Jynx|par
|move|p2a: Jynx|Lovely Kiss|p1a: Alakazam
|-status|p1a: Alakazam|slp|[from] move: Lovely Kiss
|
|upkeep
|turn|4
|
|switch|p2a: Snorlax|Snorlax|523/523
|cant|p1a: Alakazam|slp
|
|upkeep
|turn|5
|
|cant|p1a: Alakazam|slp
|move|p2a: Snorlax|Reflect|p2a: Snorlax
|-start|p2a: Snorlax|Reflect
|
|upkeep
|turn|6
|
|cant|p1a: Alakazam|slp
|move|p2a: Snorlax|Amnesia|p2a: Snorlax
|-boost|p2a: Snorlax|spd|2
|-boost|p2a: Snorlax|spa|2
|
|upkeep
|turn|7
|
|cant|p1a: Alakazam|slp
|move|p2a: Snorlax|Body Slam|p1a: Alakazam
|-damage|p1a: Alakazam|148/313 slp
|
|upkeep
|turn|8
|
|cant|p1a: Alakazam|slp
|move|p2a: Snorlax|Body Slam|p1a: Alakazam
|-damage|p1a: Alakazam|0 fnt
|faint|p1a: Alakazam
|
|switch|p1a: Golem|Golem|363/363
|turn|9
|
|move|p1a: Golem|Earthquake|p2a: Snorlax
|-damage|p2a: Snorlax|447/523
|move|p2a: Snorlax|Body Slam|p1a: Golem
|-resisted|p1a: Golem
|-damage|p1a: Golem|316/363
|
|upkeep
|turn|10
|
|move|p1a: Golem|Rock Slide|p2a: Snorlax
|-damage|p2a: Snorlax|387/523
|move|p2a: Snorlax|Body Slam|p1a: Golem
|-resisted|p1a: Golem
|-damage|p1a: Golem|269/363
|
|upkeep
|turn|11
|
|move|p1a: Golem|Earthquake|p2a: Snorlax
|-damage|p2a: Snorlax|298/523
|move|p2a: Snorlax|Body Slam|p1a: Golem
|-resisted|p1a: Golem
|-damage|p1a: Golem|225/363
|
|upkeep
|turn|12
|
|move|p1a: Golem|Earthquake|p2a: Snorlax
|-damage|p2a: Snorlax|218/523
|move|p2a: Snorlax|Body Slam|p1a: Golem
|-resisted|p1a: Golem
|-damage|p1a: Golem|182/363
|-status|p1a: Golem|par
|
|upkeep
|turn|13
|
|move|p2a: Snorlax|Rest|p2a: Snorlax
|-status|p2a: Snorlax|slp|[from] move: Rest
|-heal|p2a: Snorlax|523/523 slp|[silent]
|move|p1a: Golem|Earthquake|p2a: Snorlax
|-damage|p2a: Snorlax|437/523 slp
|
|upkeep
|turn|14
|
|switch|p1a: Tauros|Tauros|353/353
|cant|p2a: Snorlax|slp
|
|upkeep
|turn|15
|
|move|p1a: Tauros|Hyper Beam|p2a: Snorlax
|-damage|p2a: Snorlax|328/523 slp
|-mustrecharge|p1a: Tauros
|-curestatus|p2a: Snorlax|slp|[msg]
|
|upkeep
|turn|16
|
|cant|p1a: Tauros|recharge
|move|p2a: Snorlax|Body Slam|p1a: Tauros
|-damage|p1a: Tauros|245/353
|
|upkeep
|turn|17
|
|move|p1a: Tauros|Hyper Beam|p2a: Snorlax
|-damage|p2a: Snorlax|211/523
|-mustrecharge|p1a: Tauros
|move|p2a: Snorlax|Body Slam|p1a: Tauros
|-damage|p1a: Tauros|143/353
|
|upkeep
|turn|18
|
|cant|p1a: Tauros|recharge
|move|p2a: Snorlax|Body Slam|p1a: Tauros
|-damage|p1a: Tauros|39/353
|
|upkeep
|turn|19
|
|switch|p1a: Golem|Golem|182/363 par
|move|p2a: Snorlax|Rest|p2a: Snorlax
|-status|p2a: Snorlax|slp|[from] move: Rest
|-heal|p2a: Snorlax|523/523 slp|[silent]
|
|upkeep
|turn|20
|
|switch|p1a: Snorlax|Snorlax|523/523
|cant|p2a: Snorlax|slp
|
|upkeep
|turn|21
|
|-curestatus|p2a: Snorlax|slp|[msg]
|move|p1a: Snorlax|Amnesia|p1a: Snorlax
|-boost|p1a: Snorlax|spd|2
|-boost|p1a: Snorlax|spa|2
|
|upkeep
|turn|22
|
|move|p2a: Snorlax|Amnesia|p2a: Snorlax
|-boost|p2a: Snorlax|spd|2
|-boost|p2a: Snorlax|spa|2
|move|p1a: Snorlax|Amnesia|p1a: Snorlax
|-boost|p1a: Snorlax|spd|2
|-boost|p1a: Snorlax|spa|2
|
|upkeep
|turn|23
|
|move|p2a: Snorlax|Amnesia|p2a: Snorlax
|-boost|p2a: Snorlax|spd|2
|-boost|p2a: Snorlax|spa|2
|move|p1a: Snorlax|Amnesia|p1a: Snorlax
|-boost|p1a: Snorlax|spd|2
|-boost|p1a: Snorlax|spa|2
|
|upkeep
|turn|24
|
|move|p2a: Snorlax|Body Slam|p1a: Snorlax
|-damage|p1a: Snorlax|387/523
|move|p1a: Snorlax|Thunderbolt|p2a: Snorlax
|-damage|p2a: Snorlax|447/523
|
|upkeep
|turn|25
|
|move|p2a: Snorlax|Body Slam|p1a: Snorlax
|-damage|p1a: Snorlax|255/523
|move|p1a: Snorlax|Thunderbolt|p2a: Snorlax
|-damage|p2a: Snorlax|372/523
|
|upkeep
|turn|26
|
|move|p1a: Snorlax|Rest|p1a: Snorlax
|-status|p1a: Snorlax|slp|[from] move: Rest
|-heal|p1a: Snorlax|523/523 slp|[silent]
|move|p2a: Snorlax|Body Slam|p1a: Snorlax
|-damage|p1a: Snorlax|375/523 slp
|
|upkeep
|turn|27
|
|cant|p1a: Snorlax|slp
|move|p2a: Snorlax|Body Slam|p1a: Snorlax
|-damage|p1a: Snorlax|238/523 slp
|
|upkeep
|turn|28
|
|move|p2a: Snorlax|Body Slam|p1a: Snorlax
|-damage|p1a: Snorlax|109/523 slp
|-curestatus|p1a: Snorlax|slp|[msg]
|
|upkeep
|turn|29
|
|move|p1a: Snorlax|Rest|p1a: Snorlax
|-status|p1a: Snorlax|slp|[from] move: Rest
|-heal|p1a: Snorlax|523/523 slp|[silent]
|move|p2a: Snorlax|Body Slam|p1a: Snorlax
|-damage|p1a: Snorlax|388/523 slp
|
|upkeep
|turn|30
|
|move|p2a: Snorlax|Body Slam|p1a: Snorlax
|-damage|p1a: Snorlax|246/523 slp
|cant|p1a: Snorlax|slp
|
|upkeep
|turn|31
|
|-curestatus|p1a: Snorlax|slp|[msg]
|move|p2a: Snorlax|Body Slam|p1a: Snorlax
|-damage|p1a: Snorlax|117/523
|
|upkeep
|turn|32
|
|switch|p2a: Tauros|Tauros|353/353
|move|p1a: Snorlax|Rest|p1a: Snorlax
|-status|p1a: Snorlax|slp|[from] move: Rest
|-heal|p1a: Snorlax|523/523 slp|[silent]
|
|upkeep
|turn|33
|
|switch|p1a: Golem|Golem|182/363 par
|move|p2a: Tauros|Body Slam|p1a: Golem
|-resisted|p1a: Golem
|-damage|p1a: Golem|143/363 par
|
|upkeep
|turn|34
|
|move|p2a: Tauros|Blizzard|p1a: Golem
|-supereffective|p1a: Golem
|-damage|p1a: Golem|0 fnt
|faint|p1a: Golem
|
|switch|p1a: Jolteon|Jolteon|333/333
|turn|35
|
|switch|p2a: Chansey|Chansey|703/703
|move|p1a: Jolteon|Thunder Wave|p2a: Chansey
|-status|p2a: Chansey|par
|
|upkeep
|turn|36
|
|move|p1a: Jolteon|Double Kick|p2a: Chansey
|-crit|p2a: Chansey
|-supereffective|p2a: Chansey
|-damage|p2a: Chansey|493/703 par
|-damage|p2a: Chansey|283/703 par
|-hitcount|p2a: Chansey|2
|cant|p2a: Chansey|par
|
|upkeep
|turn|37
|
|move|p1a: Jolteon|Double Kick|p2a: Chansey
|-supereffective|p2a: Chansey
|-damage|p2a: Chansey|183/703 par
|-damage|p2a: Chansey|83/703 par
|-hitcount|p2a: Chansey|2
|move|p2a: Chansey|Soft-Boiled|p2a: Chansey
|-heal|p2a: Chansey|434/703 par
|
|upkeep
|turn|38
|
|move|p1a: Jolteon|Double Kick|p2a: Chansey
|-supereffective|p2a: Chansey
|-damage|p2a: Chansey|329/703 par
|-damage|p2a: Chansey|224/703 par
|-hitcount|p2a: Chansey|2
|move|p2a: Chansey|Reflect|p2a: Chansey
|-start|p2a: Chansey|Reflect
|
|upkeep
|turn|39
|
|move|p1a: Jolteon|Double Kick|p2a: Chansey
|-crit|p2a: Chansey
|-supereffective|p2a: Chansey
|-damage|p2a: Chansey|42/703 par
|-damage|p2a: Chansey|0 fnt
|-hitcount|p2a: Chansey|2
|faint|p2a: Chansey
|
|switch|p2a: Alakazam|Alakazam|313/313
|turn|40
|
|move|p1a: Jolteon|Thunder Wave|p2a: Alakazam
|-status|p2a: Alakazam|par
|move|p2a: Alakazam|Thunder Wave|p1a: Jolteon
|-status|p1a: Jolteon|par
|
|upkeep
|turn|41
|
|move|p1a: Jolteon|Pin Missile|p2a: Alakazam
|-crit|p2a: Alakazam
|-supereffective|p2a: Alakazam
|-damage|p2a: Alakazam|256/313 par
|-damage|p2a: Alakazam|199/313 par
|-damage|p2a: Alakazam|142/313 par
|-damage|p2a: Alakazam|85/313 par
|-damage|p2a: Alakazam|28/313 par
|-hitcount|p2a: Alakazam|5
|cant|p2a: Alakazam|par
|
|upkeep
|turn|42
|
|move|p1a: Jolteon|Pin Missile|p2a: Alakazam
|-supereffective|p2a: Alakazam
|-damage|p2a: Alakazam|0 fnt
|-hitcount|p2a: Alakazam|1
|faint|p2a: Alakazam
|
|switch|p2a: Tauros|Tauros|353/353
|turn|43
|
|move|p2a: Tauros|Earthquake|p1a: Jolteon
|-supereffective|p1a: Jolteon
|-damage|p1a: Jolteon|123/333 par
|move|p1a: Jolteon|Double Kick|p2a: Tauros
|-supereffective|p2a: Tauros
|-damage|p2a: Tauros|318/353
|-damage|p2a: Tauros|283/353
|-hitcount|p2a: Tauros|2
|
|upkeep
|turn|44
|
|switch|p1a: Snorlax|Snorlax|523/523 slp
|move|p2a: Tauros|Earthquake|p1a: Snorlax
|-crit|p1a: Snorlax
|-damage|p1a: Snorlax|341/523 slp
|
|upkeep
|turn|45
|
|move|p2a: Tauros|Body Slam|p1a: Snorlax
|-damage|p1a: Snorlax|203/523 slp
|cant|p1a: Snorlax|slp
|
|upkeep
|turn|46
|
|move|p2a: Tauros|Body Slam|p1a: Snorlax
|-damage|p1a: Snorlax|73/523 slp
|-curestatus|p1a: Snorlax|slp|[msg]
|
|upkeep
|turn|47
|
|move|p2a: Tauros|Body Slam|p1a: Snorlax
|-crit|p1a: Snorlax
|-damage|p1a: Snorlax|0 fnt
|faint|p1a: Snorlax
|
|switch|p1a: Tauros|Tauros|39/353
|turn|48
|
|move|p2a: Tauros|Body Slam|p1a: Tauros
|-damage|p1a: Tauros|0 fnt
|faint|p1a: Tauros
|
|switch|p1a: Jolteon|Jolteon|123/333 par
|turn|49
|c|☆Master Hiko|gg
|c|☆Master Hiko|first duel in a while lol
|
|move|p2a: Tauros|Earthquake|p1a: Jolteon
|-crit|p1a: Jolteon
|-supereffective|p1a: Jolteon
|-damage|p1a: Jolteon|0 fnt
|faint|p1a: Jolteon
|
|win|Master Hiko
|raw|PainterOfLeTempest's rating: 1115 &rarr; <strong>1082</strong><br />(-33 for losing)
|raw|Master Hiko's rating: 1000 &rarr; <strong>1053</strong><br />(+53 for winning)
|l|☆PainterOfLeTempest
