|j|☆AdilBrohi
|j|☆Yyyyeeeeeet
|player|p1|AdilBrohi|169
|player|p2|Yyyyeeeeeet|198
|teamsize|p1|6
|teamsize|p2|6
|gametype|singles
|gen|1
|tier|[Gen 1] OU
|rated|
|rule|Sleep Clause Mod: Limit one foe put to sleep
|rule|Freeze Clause Mod: Limit one foe frozen
|rule|Species Clause: Limit one of each Pokémon
|rule|OHKO Clause: OHKO moves are banned
|rule|Evasion Moves Clause: Evasion moves are banned
|rule|HP Percentage Mod: HP is shown in percentages
|
|start
|switch|p1a: Snorlax|Snorlax|523/523
|switch|p2a: Victreebel|Victreebel|363/363
|turn|1
|
|move|p2a: Victreebel|Sleep Powder|p1a: Snorlax
|-status|p1a: Snorlax|slp|[from] move: Sleep Powder
|cant|p1a: Snorlax|slp
|
|upkeep
|turn|2
|inactive|Battle timer is ON: inactive players will automatically lose when time's up. (requested by Yyyyeeeeeet)
|
|move|p2a: Victreebel|Swords Dance|p2a: Victreebel
|-boost|p2a: Victreebel|atk|2
|cant|p1a: Snorlax|slp
|
|upkeep
|turn|3
|
|switch|p1a: Golem|Golem|363/363
|move|p2a: Victreebel|Swords Dance|p2a: Victreebel
|-boost|p2a: Victreebel|atk|2
|
|upkeep
|turn|4
|
|move|p2a: Victreebel|Mega Drain|p1a: Golem
|-supereffective|p1a: Golem
|-damage|p1a: Golem|102/363
|move|p1a: Golem|Explosion|p2a: Victreebel
|-damage|p2a: Victreebel|10/363
|faint|p1a: Golem
|
|switch|p1a: Gengar|Gengar|323/323
|turn|5
|
|move|p1a: Gengar|Thunderbolt|p2a: Victreebel
|-resisted|p2a: Victreebel
|-damage|p2a: Victreebel|0 fnt
|faint|p2a: Victreebel
|
|switch|p2a: Snorlax|Snorlax|523/523
|turn|6
|
|switch|p1a: Jolteon|Jolteon|333/333
|move|p2a: Snorlax|Psychic|p1a: Jolteon
|-damage|p1a: Jolteon|283/333
|
|upkeep
|turn|7
|
|move|p1a: Jolteon|Double Kick|p2a: Snorlax
|-supereffective|p2a: Snorlax
|-damage|p2a: Snorlax|471/523
|-damage|p2a: Snorlax|419/523
|-hitcount|p2a: Snorlax|2
|move|p2a: Snorlax|Body Slam|p1a: Jolteon
|-damage|p1a: Jolteon|147/333
|
|upkeep
|turn|8
|
|move|p1a: Jolteon|Thunder Wave|p2a: Snorlax
|-status|p2a: Snorlax|par
|move|p2a: Snorlax|Body Slam|p1a: Jolteon
|-damage|p1a: Jolteon|0 fnt
|faint|p1a: Jolteon
|
|switch|p1a: Lapras|Lapras|463/463
|turn|9
|
|move|p1a: Lapras|Confuse Ray|p2a: Snorlax
|-start|p2a: Snorlax|confusion
|-activate|p2a: Snorlax|confusion
|cant|p2a: Snorlax|par
|
|upkeep
|turn|10
|
|move|p1a: Lapras|Blizzard|p2a: Snorlax
|-damage|p2a: Snorlax|247/523 par
|-end|p2a: Snorlax|confusion
|move|p2a: Snorlax|Thunder|p1a: Lapras|[miss]
|-miss|p2a: Snorlax
|
|upkeep
|turn|11
|
|move|p1a: Lapras|Confuse Ray|p2a: Snorlax
|-start|p2a: Snorlax|confusion
|-activate|p2a: Snorlax|confusion
|move|p2a: Snorlax|Thunder|p1a: Lapras
|-supereffective|p1a: Lapras
|-damage|p1a: Lapras|308/463
|
|upkeep
|turn|12
|
|move|p1a: Lapras|Blizzard|p2a: Snorlax
|-damage|p2a: Snorlax|79/523 par
|-activate|p2a: Snorlax|confusion
|move|p2a: Snorlax|Thunder|p1a: Lapras
|-supereffective|p1a: Lapras
|-damage|p1a: Lapras|153/463
|
|upkeep
|turn|13
|
|move|p1a: Lapras|Thunderbolt|p2a: Snorlax
|-damage|p2a: Snorlax|0 fnt
|faint|p2a: Snorlax
|
|switch|p2a: Zapdos|Zapdos|383/383
|turn|14
|
|switch|p1a: Gengar|Gengar|323/323
|move|p2a: Zapdos|Thunderbolt|p1a: Gengar
|-damage|p1a: Gengar|219/323
|
|upkeep
|turn|15
|
|switch|p2a: Rhydon|Rhydon|413/413
|move|p1a: Gengar|Hypnosis|p2a: Rhydon
|-status|p2a: Rhydon|slp|[from] move: Hypnosis
|
|upkeep
|turn|16
|
|move|p1a: Gengar|Mega Drain|p2a: Rhydon
|-supereffective|p2a: Rhydon
|-damage|p2a: Rhydon|170/413 slp
|-heal|p1a: Gengar|323/323|[from] drain|[of] p2a: Rhydon
|cant|p2a: Rhydon|slp
|
|upkeep
|turn|17
|
|move|p1a: Gengar|Mega Drain|p2a: Rhydon
|-supereffective|p2a: Rhydon
|-damage|p2a: Rhydon|0 fnt
|faint|p2a: Rhydon
|
|switch|p2a: Blastoise|Blastoise|361/361
|turn|18
|
|move|p1a: Gengar|Hypnosis|p2a: Blastoise|[miss]
|-miss|p1a: Gengar
|move|p2a: Blastoise|Earthquake|p1a: Gengar
|-crit|p1a: Gengar
|-supereffective|p1a: Gengar
|-damage|p1a: Gengar|0 fnt
|faint|p1a: Gengar
|
|switch|p1a: Slowbro|Slowbro|393/393
|turn|19
|
|switch|p2a: Zapdos|Zapdos|383/383
|move|p1a: Slowbro|Amnesia|p1a: Slowbro
|-boost|p1a: Slowbro|spd|2
|-boost|p1a: Slowbro|spa|2
|
|upkeep
|turn|20
|
|move|p2a: Zapdos|Thunderbolt|p1a: Slowbro
|-supereffective|p1a: Slowbro
|-damage|p1a: Slowbro|240/393
|move|p1a: Slowbro|Surf|p2a: Zapdos
|-damage|p2a: Zapdos|208/383
|
|upkeep
|turn|21
|
|move|p2a: Zapdos|Thunderbolt|p1a: Slowbro
|-supereffective|p1a: Slowbro
|-damage|p1a: Slowbro|81/393
|move|p1a: Slowbro|Surf|p2a: Zapdos
|-damage|p2a: Zapdos|36/383
|
|upkeep
|turn|22
|
|switch|p1a: Snorlax|Snorlax|523/523 slp
|move|p2a: Zapdos|Thunderbolt|p1a: Snorlax
|-damage|p1a: Snorlax|363/523 slp
|
|upkeep
|turn|23
|
|switch|p2a: Blastoise|Blastoise|361/361
|cant|p1a: Snorlax|slp
|
|upkeep
|turn|24
|
|move|p2a: Blastoise|Surf|p1a: Snorlax
|-damage|p1a: Snorlax|223/523 slp
|cant|p1a: Snorlax|slp
|
|upkeep
|turn|25
|
|move|p2a: Blastoise|Surf|p1a: Snorlax
|-damage|p1a: Snorlax|93/523 slp
|cant|p1a: Snorlax|slp
|
|upkeep
|turn|26
|
|move|p2a: Blastoise|Surf|p1a: Snorlax
|-crit|p1a: Snorlax
|-damage|p1a: Snorlax|0 fnt
|faint|p1a: Snorlax
|
|switch|p1a: Lapras|Lapras|153/463
|turn|27
|
|move|p2a: Blastoise|Surf|p1a: Lapras
|-resisted|p1a: Lapras
|-damage|p1a: Lapras|100/463
|move|p1a: Lapras|Thunderbolt|p2a: Blastoise
|-supereffective|p2a: Blastoise
|-damage|p2a: Blastoise|206/361
|
|upkeep
|turn|28
|
|move|p2a: Blastoise|Earthquake|p1a: Lapras
|-damage|p1a: Lapras|14/463
|move|p1a: Lapras|Thunderbolt|p2a: Blastoise
|-supereffective|p2a: Blastoise
|-damage|p2a: Blastoise|46/361
|
|upkeep
|turn|29
|
|move|p2a: Blastoise|Hydro Pump|p1a: Lapras
|-crit|p1a: Lapras
|-resisted|p1a: Lapras
|-damage|p1a: Lapras|0 fnt
|faint|p1a: Lapras
|
|switch|p1a: Slowbro|Slowbro|81/393
|turn|30
|
|move|p2a: Blastoise|Surf|p1a: Slowbro
|-resisted|p1a: Slowbro
|-damage|p1a: Slowbro|23/393
|move|p1a: Slowbro|Rest|p1a: Slowbro
|-status|p1a: Slowbro|slp|[from] move: Rest
|-heal|p1a: Slowbro|393/393 slp|[silent]
|
|upkeep
|turn|31
|
|move|p2a: Blastoise|Ice Beam|p1a: Slowbro
|-resisted|p1a: Slowbro
|-damage|p1a: Slowbro|356/393 slp
|cant|p1a: Slowbro|slp
|
|upkeep
|turn|32
|
|move|p2a: Blastoise|Surf|p1a: Slowbro
|-resisted|p1a: Slowbro
|-damage|p1a: Slowbro|295/393 slp
|-curestatus|p1a: Slowbro|slp|[msg]
|
|upkeep
|turn|33
|
|move|p2a: Blastoise|Surf|p1a: Slowbro
|-crit|p1a: Slowbro
|-resisted|p1a: Slowbro
|-damage|p1a: Slowbro|182/393
|move|p1a: Slowbro|Amnesia|p1a: Slowbro
|-boost|p1a: Slowbro|spd|2
|-boost|p1a: Slowbro|spa|2
|
|upkeep
|turn|34
|
|move|p2a: Blastoise|Surf|p1a: Slowbro
|-resisted|p1a: Slowbro
|-damage|p1a: Slowbro|151/393
|move|p1a: Slowbro|Amnesia|p1a: Slowbro
|-boost|p1a: Slowbro|spd|2
|-boost|p1a: Slowbro|spa|2
|
|upkeep
|turn|35
|
|move|p2a: Blastoise|Hydro Pump|p1a: Slowbro
|-crit|p1a: Slowbro
|-resisted|p1a: Slowbro
|-damage|p1a: Slowbro|0 fnt
|faint|p1a: Slowbro
|
|win|Yyyyeeeeeet
|raw|AdilBrohi's rating: 1031 &rarr; <strong>1015</strong><br />(-16 for losing)
|raw|Yyyyeeeeeet's rating: 1000 &rarr; <strong>1044</strong><br />(+44 for winning)
|l|☆AdilBrohi
|l|☆Yyyyeeeeeet
