|j|☆false
|j|☆Sinkyr en el lago
|inactive|Battle timer is ON: inactive players will automatically lose when time's up.
|player|p1|false|#nadeko
|player|p2|Sinkyr en el lago|#wcop2019spain
|teamsize|p1|6
|teamsize|p2|6
|gametype|singles
|gen|1
|tier|[Gen 1] OU
|rated|Tournament battle
|rule|Sleep Clause Mod: Limit one foe put to sleep
|rule|Freeze Clause Mod: Limit one foe frozen
|rule|Species Clause: Limit one of each Pokémon
|rule|OHKO Clause: OHKO moves are banned
|rule|Evasion Moves Clause: Evasion moves are banned
|rule|HP Percentage Mod: HP is shown in percentages
|
|start
|switch|p1a: Starmie|Starmie|323/323
|switch|p2a: Starmie|Starmie|323/323
|turn|1
|j| amg
|j| ForzaForzaForza
|j| Neon
|c|☆Sinkyr en el lago|have fun
|
|switch|p1a: Chansey|Chansey|703/703
|move|p2a: Starmie|Blizzard|p1a: Chansey
|-damage|p1a: Chansey|620/703
|
|upkeep
|turn|2
|
|move|p2a: Starmie|Blizzard|p1a: Chansey
|-damage|p1a: Chansey|525/703
|move|p1a: Chansey|Sing|p2a: Starmie
|-status|p2a: Starmie|slp|[from] move: Sing
|
|upkeep
|turn|3
|
|switch|p2a: Exeggutor|Exeggutor|393/393
|switch|p1a: Snorlax|Snorlax|523/523
|
|upkeep
|turn|4
|
|switch|p1a: Starmie|Starmie|323/323
|move|p2a: Exeggutor|Sleep Powder|p1a: Starmie
|-status|p1a: Starmie|slp|[from] move: Sleep Powder
|
|upkeep
|turn|5
|
|cant|p1a: Starmie|slp
|move|p2a: Exeggutor|Double-Edge|p1a: Starmie
|-damage|p1a: Starmie|235/323 slp
|-damage|p2a: Exeggutor|371/393|[from] Recoil|[of] p1a: Starmie
|
|upkeep
|turn|6
|
|cant|p1a: Starmie|slp
|move|p2a: Exeggutor|Psychic|p1a: Starmie
|-resisted|p1a: Starmie
|-damage|p1a: Starmie|172/323 slp
|-unboost|p1a: Starmie|spd|1
|-unboost|p1a: Starmie|spa|1
|
|upkeep
|turn|7
|
|switch|p1a: Chansey|Chansey|525/703
|move|p2a: Exeggutor|Psychic|p1a: Chansey
|-damage|p1a: Chansey|403/703
|
|upkeep
|turn|8
|
|move|p2a: Exeggutor|Psychic|p1a: Chansey
|-crit|p1a: Chansey
|-damage|p1a: Chansey|163/703
|move|p1a: Chansey|Soft-Boiled|p1a: Chansey
|-heal|p1a: Chansey|514/703
|
|upkeep
|turn|9
|
|switch|p1a: Starmie|Starmie|172/323 slp
|move|p2a: Exeggutor|Psychic|p1a: Starmie
|-resisted|p1a: Starmie
|-damage|p1a: Starmie|112/323 slp
|
|upkeep
|turn|10
|
|cant|p1a: Starmie|slp
|move|p2a: Exeggutor|Double-Edge|p1a: Starmie
|-damage|p1a: Starmie|23/323 slp
|-damage|p2a: Exeggutor|349/393|[from] Recoil|[of] p1a: Starmie
|
|upkeep
|turn|11
|j| 0108Style
|
|switch|p1a: Exeggutor|Exeggutor|393/393
|move|p2a: Exeggutor|Psychic|p1a: Exeggutor
|-resisted|p1a: Exeggutor
|-damage|p1a: Exeggutor|338/393
|
|upkeep
|turn|12
|
|move|p1a: Exeggutor|Psychic|p2a: Exeggutor
|-resisted|p2a: Exeggutor
|-damage|p2a: Exeggutor|297/393
|move|p2a: Exeggutor|Double-Edge|p1a: Exeggutor
|-crit|p1a: Exeggutor
|-damage|p1a: Exeggutor|187/393
|-damage|p2a: Exeggutor|260/393|[from] Recoil|[of] p1a: Exeggutor
|
|upkeep
|turn|13
|
|move|p1a: Exeggutor|Psychic|p2a: Exeggutor
|-resisted|p2a: Exeggutor
|-damage|p2a: Exeggutor|210/393
|move|p2a: Exeggutor|Double-Edge|p1a: Exeggutor
|-damage|p1a: Exeggutor|97/393
|-damage|p2a: Exeggutor|188/393|[from] Recoil|[of] p1a: Exeggutor
|
|upkeep
|turn|14
|
|move|p1a: Exeggutor|Psychic|p2a: Exeggutor
|-resisted|p2a: Exeggutor
|-damage|p2a: Exeggutor|138/393
|-unboost|p2a: Exeggutor|spd|1
|-unboost|p2a: Exeggutor|spa|1
|move|p2a: Exeggutor|Double-Edge|p1a: Exeggutor
|-damage|p1a: Exeggutor|17/393
|-damage|p2a: Exeggutor|118/393|[from] Recoil|[of] p1a: Exeggutor
|
|upkeep
|turn|15
|
|move|p2a: Exeggutor|Psychic|p1a: Exeggutor
|-resisted|p1a: Exeggutor
|-damage|p1a: Exeggutor|0 fnt
|faint|p1a: Exeggutor
|
|switch|p1a: Tauros|Tauros|353/353
|turn|16
|
|switch|p2a: Chansey|Chansey|703/703
|move|p1a: Tauros|Blizzard|p2a: Chansey
|-damage|p2a: Chansey|635/703
|
|upkeep
|turn|17
|
|switch|p1a: Snorlax|Snorlax|523/523
|move|p2a: Chansey|Ice Beam|p1a: Snorlax
|-damage|p1a: Snorlax|419/523
|
|upkeep
|turn|18
|
|move|p2a: Chansey|Ice Beam|p1a: Snorlax
|-damage|p1a: Snorlax|316/523
|move|p1a: Snorlax|Ice Beam|p2a: Chansey
|-damage|p2a: Chansey|580/703
|
|upkeep
|turn|19
|
|move|p2a: Chansey|Ice Beam|p1a: Snorlax
|-damage|p1a: Snorlax|214/523
|move|p1a: Snorlax|Ice Beam|p2a: Chansey
|-damage|p2a: Chansey|528/703
|
|upkeep
|turn|20
|
|move|p2a: Chansey|Ice Beam|p1a: Snorlax
|-damage|p1a: Snorlax|106/523
|-status|p1a: Snorlax|frz
|cant|p1a: Snorlax|frz
|
|upkeep
|turn|21
|
|switch|p1a: Chansey|Chansey|514/703
|move|p2a: Chansey|Ice Beam|p1a: Chansey
|-damage|p1a: Chansey|435/703
|
|upkeep
|turn|22
|
|move|p2a: Chansey|Thunder Wave|p1a: Chansey
|-status|p1a: Chansey|par
|move|p1a: Chansey|Ice Beam|p2a: Chansey|[miss]
|-miss|p1a: Chansey
|-hint|In Gen 1, moves with 100% accurracy can still miss 1/256 of the time.
|
|upkeep
|turn|23
|
|switch|p2a: Snorlax|Snorlax|523/523
|cant|p1a: Chansey|par
|
|upkeep
|turn|24
|
|move|p2a: Snorlax|Body Slam|p1a: Chansey
|-damage|p1a: Chansey|150/703 par
|move|p1a: Chansey|Thunder Wave|p2a: Snorlax
|-status|p2a: Snorlax|par
|
|upkeep
|turn|25
|
|cant|p1a: Chansey|par
|move|p2a: Snorlax|Body Slam|p1a: Chansey
|-damage|p1a: Chansey|0 fnt
|faint|p1a: Chansey
|
|switch|p1a: Tauros|Tauros|353/353
|turn|26
|
|move|p1a: Tauros|Body Slam|p2a: Snorlax
|-damage|p2a: Snorlax|395/523 par
|move|p2a: Snorlax|Self-Destruct|p1a: Tauros
|-damage|p1a: Tauros|35/353
|faint|p2a: Snorlax
|
|switch|p2a: Tauros|Tauros|353/353
|turn|27
|
|move|p1a: Tauros|Hyper Beam|p2a: Tauros|[miss]
|-miss|p1a: Tauros
|move|p2a: Tauros|Body Slam|p1a: Tauros
|-damage|p1a: Tauros|0 fnt
|faint|p1a: Tauros
|
|switch|p1a: Zapdos|Zapdos|383/383
|turn|28
|
|move|p2a: Tauros|Body Slam|p1a: Zapdos
|-damage|p1a: Zapdos|266/383
|-status|p1a: Zapdos|par
|cant|p1a: Zapdos|par
|
|upkeep
|turn|29
|
|move|p2a: Tauros|Body Slam|p1a: Zapdos
|-damage|p1a: Zapdos|160/383 par
|move|p1a: Zapdos|Thunder Wave|p2a: Tauros
|-status|p2a: Tauros|par
|
|upkeep
|turn|30
|
|move|p2a: Tauros|Hyper Beam|p1a: Zapdos
|-damage|p1a: Zapdos|0 fnt
|faint|p1a: Zapdos
|-message|false forfeited.
|
|win|Sinkyr en el lago
|l|☆false
|l| 0108Style
|l| ForzaForzaForza
|c|☆Sinkyr en el lago|gg
