|j|☆Le Austin
|j|☆IceKingofOoo
|player|p1|Le Austin|168
|player|p2|IceKingofOoo|214
|teamsize|p1|6
|teamsize|p2|6
|gametype|singles
|gen|1
|tier|[Gen 1] OU
|rated|
|rule|Sleep Clause Mod: Limit one foe put to sleep
|rule|Freeze Clause Mod: Limit one foe frozen
|rule|Species Clause: Limit one of each Pokémon
|rule|OHKO Clause: OHKO moves are banned
|rule|Evasion Moves Clause: Evasion moves are banned
|rule|HP Percentage Mod: HP is shown in percentages
|
|start
|switch|p1a: Rapidash|Rapidash|333/333
|switch|p2a: Alakazam|Alakazam|313/313
|turn|1
|
|switch|p1a: Exeggutor|Exeggutor|393/393
|move|p2a: Alakazam|Thunder Wave|p1a: Exeggutor
|-status|p1a: Exeggutor|par
|
|upkeep
|turn|2
|
|move|p2a: Alakazam|Reflect|p2a: Alakazam
|-start|p2a: Alakazam|Reflect
|move|p1a: Exeggutor|Sleep Powder|p2a: Alakazam|[miss]
|-miss|p1a: Exeggutor
|
|upkeep
|turn|3
|
|move|p2a: Alakazam|Psychic|p1a: Exeggutor
|-crit|p1a: Exeggutor
|-resisted|p1a: Exeggutor
|-damage|p1a: Exeggutor|277/393 par
|cant|p1a: Exeggutor|par
|
|upkeep
|turn|4
|
|move|p2a: Alakazam|Psychic|p1a: Exeggutor
|-crit|p1a: Exeggutor
|-resisted|p1a: Exeggutor
|-damage|p1a: Exeggutor|165/393 par
|-unboost|p1a: Exeggutor|spd|1
|-unboost|p1a: Exeggutor|spa|1
|move|p1a: Exeggutor|Sleep Powder|p2a: Alakazam
|-status|p2a: Alakazam|slp|[from] move: Sleep Powder
|
|upkeep
|turn|5
|
|switch|p2a: Exeggutor|Exeggutor|393/393
|cant|p1a: Exeggutor|par
|
|upkeep
|turn|6
|
|move|p2a: Exeggutor|Psychic|p1a: Exeggutor
|-resisted|p1a: Exeggutor
|-damage|p1a: Exeggutor|84/393 par
|cant|p1a: Exeggutor|par
|
|upkeep
|turn|7
|c|☆IceKingofOoo|wow brutal
|
|move|p2a: Exeggutor|Psychic|p1a: Exeggutor
|-resisted|p1a: Exeggutor
|-damage|p1a: Exeggutor|6/393 par
|move|p1a: Exeggutor|Explosion|p2a: Exeggutor
|-damage|p2a: Exeggutor|126/393
|faint|p1a: Exeggutor
|
|switch|p1a: Rapidash|Rapidash|333/333
|turn|8
|
|switch|p2a: Chansey|Chansey|703/703
|move|p1a: Rapidash|Fire Blast|p2a: Chansey
|-damage|p2a: Chansey|592/703
|
|upkeep
|turn|9
|
|move|p1a: Rapidash|Fire Spin|p2a: Chansey
|-crit|p2a: Chansey
|-damage|p2a: Chansey|562/703
|cant|p2a: Chansey|partiallytrapped
|
|upkeep
|turn|10
|
|switch|p1a: Snorlax|Snorlax|523/523
|switch|p2a: Alakazam|Alakazam|313/313 slp
|
|upkeep
|turn|11
|inactive|Battle timer is ON: inactive players will automatically lose when time's up. (requested by IceKingofOoo)
|
|switch|p2a: Snorlax|Snorlax|523/523
|move|p1a: Snorlax|Body Slam|p2a: Snorlax
|-damage|p2a: Snorlax|378/523
|
|upkeep
|turn|12
|
|move|p2a: Snorlax|Reflect|p2a: Snorlax
|-start|p2a: Snorlax|Reflect
|move|p1a: Snorlax|Body Slam|p2a: Snorlax
|-damage|p2a: Snorlax|305/523
|
|upkeep
|turn|13
|
|move|p2a: Snorlax|Amnesia|p2a: Snorlax
|-boost|p2a: Snorlax|spd|2
|-boost|p2a: Snorlax|spa|2
|move|p1a: Snorlax|Self-Destruct|p2a: Snorlax
|-damage|p2a: Snorlax|103/523
|faint|p1a: Snorlax
|inactive|Le Austin has 120 seconds left.
|
|switch|p1a: Tauros|Tauros|353/353
|turn|14
|
|switch|p2a: Golem|Golem|363/363
|move|p1a: Tauros|Hyper Beam|p2a: Golem
|-resisted|p2a: Golem
|-damage|p2a: Golem|289/363
|-mustrecharge|p1a: Tauros
|
|upkeep
|turn|15
|
|cant|p1a: Tauros|recharge
|move|p2a: Golem|Earthquake|p1a: Tauros
|-damage|p1a: Tauros|229/353
|
|upkeep
|turn|16
|
|move|p1a: Tauros|Blizzard|p2a: Golem
|-supereffective|p2a: Golem
|-damage|p2a: Golem|77/363
|move|p2a: Golem|Explosion|p1a: Tauros
|-damage|p1a: Tauros|0 fnt
|faint|p1a: Tauros
|faint|p2a: Golem
|
|switch|p1a: Rapidash|Rapidash|333/333
|switch|p2a: Chansey|Chansey|562/703
|turn|17
|inactive|IceKingofOoo has 120 seconds left.
|
|move|p1a: Rapidash|Agility|p1a: Rapidash
|-boost|p1a: Rapidash|spe|2
|move|p2a: Chansey|Thunder Wave|p1a: Rapidash
|-status|p1a: Rapidash|par
|
|upkeep
|turn|18
|
|move|p2a: Chansey|Seismic Toss|p1a: Rapidash
|-damage|p1a: Rapidash|233/333 par
|move|p1a: Rapidash|Agility|p1a: Rapidash
|-boost|p1a: Rapidash|spe|2
|
|upkeep
|turn|19
|
|cant|p1a: Rapidash|par
|move|p2a: Chansey|Seismic Toss|p1a: Rapidash
|-damage|p1a: Rapidash|133/333 par
|
|upkeep
|turn|20
|
|move|p1a: Rapidash|Fire Spin|p2a: Chansey|[miss]
|-miss|p1a: Rapidash
|move|p2a: Chansey|Seismic Toss|p1a: Rapidash
|-damage|p1a: Rapidash|33/333 par
|
|upkeep
|turn|21
|
|move|p1a: Rapidash|Fire Spin|p2a: Chansey|[miss]
|-miss|p1a: Rapidash
|move|p2a: Chansey|Seismic Toss|p1a: Rapidash
|-damage|p1a: Rapidash|0 fnt
|faint|p1a: Rapidash
|
|switch|p1a: Chansey|Chansey|703/703
|turn|22
|
|move|p2a: Chansey|Sing|p1a: Chansey
|-status|p1a: Chansey|slp|[from] move: Sing
|-curestatus|p1a: Chansey|slp|[msg]
|
|upkeep
|turn|23
|
|move|p1a: Chansey|Ice Beam|p2a: Chansey
|-damage|p2a: Chansey|485/703
|move|p2a: Chansey|Sing|p1a: Chansey|[miss]
|-miss|p2a: Chansey
|
|upkeep
|turn|24
|
|move|p1a: Chansey|Ice Beam|p2a: Chansey
|-damage|p2a: Chansey|414/703
|move|p2a: Chansey|Sing|p1a: Chansey
|-status|p1a: Chansey|slp|[from] move: Sing
|
|upkeep
|turn|25
|j| JjC527
|
|switch|p2a: Exeggutor|Exeggutor|126/393
|cant|p1a: Chansey|slp
|
|upkeep
|turn|26
|
|move|p2a: Exeggutor|Explosion|p1a: Chansey
|-damage|p1a: Chansey|0 fnt
|faint|p1a: Chansey
|faint|p2a: Exeggutor
|l| JjC527
|
|switch|p2a: Chansey|Chansey|414/703
|switch|p1a: Kangaskhan|Kangaskhan|413/413
|turn|27
|
|move|p1a: Kangaskhan|Hyper Beam|p2a: Chansey
|-crit|p2a: Chansey
|-damage|p2a: Chansey|0 fnt
|faint|p2a: Chansey
|
|switch|p2a: Tauros|Tauros|353/353
|turn|28
|
|move|p2a: Tauros|Body Slam|p1a: Kangaskhan
|-damage|p1a: Kangaskhan|294/413
|move|p1a: Kangaskhan|Body Slam|p2a: Tauros
|-damage|p2a: Tauros|249/353
|
|upkeep
|turn|29
|
|move|p2a: Tauros|Body Slam|p1a: Kangaskhan
|-crit|p1a: Kangaskhan
|-damage|p1a: Kangaskhan|53/413
|move|p1a: Kangaskhan|Counter|p2a: Tauros
|-damage|p2a: Tauros|0 fnt
|faint|p2a: Tauros
|c|☆IceKingofOoo|gg!
|c|☆IceKingofOoo|very nie
|c|☆IceKingofOoo|nice*
|
|switch|p2a: Snorlax|Snorlax|103/523
|turn|30
|c|☆Le Austin|zam can wake up still
|
|move|p1a: Kangaskhan|Body Slam|p2a: Snorlax
|-crit|p2a: Snorlax
|-damage|p2a: Snorlax|0 fnt
|faint|p2a: Snorlax
|
|switch|p2a: Alakazam|Alakazam|313/313 slp
|turn|31
|
|cant|p2a: Alakazam|slp
|move|p1a: Kangaskhan|Body Slam|p2a: Alakazam
|-damage|p2a: Alakazam|159/313 slp
|
|upkeep
|turn|32
|
|cant|p2a: Alakazam|slp
|move|p1a: Kangaskhan|Hyper Beam|p2a: Alakazam
|-damage|p2a: Alakazam|0 fnt
|faint|p2a: Alakazam
|
|win|Le Austin
|c|☆Le Austin|gg
|c|☆IceKingofOoo|gg
|l|☆IceKingofOoo
|c|☆Le Austin|really close
