|j|☆DemICE
|j|☆IceKingofOoo
|player|p1|DemICE|265
|player|p2|IceKingofOoo|214
|teamsize|p1|6
|teamsize|p2|6
|gametype|singles
|gen|1
|tier|[Gen 1] OU
|rated|
|rule|Sleep Clause Mod: Limit one foe put to sleep
|rule|Freeze Clause Mod: Limit one foe frozen
|rule|Species Clause: Limit one of each Pokémon
|rule|OHKO Clause: OHKO moves are banned
|rule|Evasion Moves Clause: Evasion moves are banned
|rule|HP Percentage Mod: HP is shown in percentages
|
|start
|switch|p1a: Exeggutor|Exeggutor|393/393
|switch|p2a: Exeggutor|Exeggutor|393/393
|turn|1
|
|move|p1a: Exeggutor|Sleep Powder|p2a: Exeggutor
|-status|p2a: Exeggutor|slp|[from] move: Sleep Powder
|cant|p2a: Exeggutor|slp
|
|upkeep
|turn|2
|
|switch|p1a: Ninetales|Ninetales|349/349
|switch|p2a: Cloyster|Cloyster|303/303
|
|upkeep
|turn|3
|
|move|p1a: Ninetales|Fire Spin|p2a: Cloyster|[miss]
|-miss|p1a: Ninetales
|move|p2a: Cloyster|Clamp|p1a: Ninetales
|-supereffective|p1a: Ninetales
|-damage|p1a: Ninetales|276/349
|
|upkeep
|turn|4
|inactive|Battle timer is ON: inactive players will automatically lose when time's up. (requested by IceKingofOoo)
|
|cant|p1a: Ninetales|partiallytrapped
|move|p2a: Cloyster|Clamp|p1a: Ninetales|[from]Clamp
|-damage|p1a: Ninetales|203/349
|
|upkeep
|turn|5
|
|cant|p1a: Ninetales|partiallytrapped
|move|p2a: Cloyster|Clamp|p1a: Ninetales|[from]Clamp
|-damage|p1a: Ninetales|130/349
|
|upkeep
|turn|6
|
|cant|p1a: Ninetales|partiallytrapped
|move|p2a: Cloyster|Clamp|p1a: Ninetales|[from]Clamp
|-damage|p1a: Ninetales|57/349
|
|upkeep
|turn|7
|
|cant|p1a: Ninetales|partiallytrapped
|move|p2a: Cloyster|Clamp|p1a: Ninetales|[from]Clamp
|-damage|p1a: Ninetales|0 fnt
|faint|p1a: Ninetales
|
|switch|p1a: Moltres|Moltres|383/383
|turn|8
|
|move|p1a: Moltres|Fire Spin|p2a: Cloyster|[miss]
|-miss|p1a: Moltres
|move|p2a: Cloyster|Clamp|p1a: Moltres
|-crit|p1a: Moltres
|-supereffective|p1a: Moltres
|-damage|p1a: Moltres|257/383
|
|upkeep
|turn|9
|-message|DemICE forfeited.
|
|win|IceKingofOoo
|l|☆DemICE
