|j|☆ramzi86
|j|☆GhoulPsycho
|player|p1|ramzi86|114
|player|p2|GhoulPsycho|100
|teamsize|p1|6
|teamsize|p2|6
|gametype|singles
|gen|1
|tier|[Gen 1] OU
|rated|
|rule|Sleep Clause Mod: Limit one foe put to sleep
|rule|Freeze Clause Mod: Limit one foe frozen
|rule|Species Clause: Limit one of each Pokémon
|rule|OHKO Clause: OHKO moves are banned
|rule|Evasion Moves Clause: Evasion moves are banned
|rule|HP Percentage Mod: HP is shown in percentages
|
|start
|switch|p1a: Sonia|Jynx|333/333
|switch|p2a: Starmie|Starmie|323/323
|turn|1
|inactive|Battle timer is ON: inactive players will automatically lose when time's up. (requested by GhoulPsycho)
|
|move|p2a: Starmie|Surf|p1a: Sonia
|-damage|p1a: Sonia|221/333
|move|p1a: Sonia|Lovely Kiss|p2a: Starmie
|-status|p2a: Starmie|slp|[from] move: Lovely Kiss
|
|upkeep
|turn|2
|
|switch|p2a: Slowbro|Slowbro|393/393
|move|p1a: Sonia|Mimic|p2a: Slowbro
|-start|p1a: Sonia|Mimic|Psychic
|
|upkeep
|turn|3
|
|switch|p1a: Attila|Snorlax|523/523
|move|p2a: Slowbro|Amnesia|p2a: Slowbro
|-boost|p2a: Slowbro|spd|2
|-boost|p2a: Slowbro|spa|2
|
|upkeep
|turn|4
|
|move|p2a: Slowbro|Amnesia|p2a: Slowbro
|-boost|p2a: Slowbro|spd|2
|-boost|p2a: Slowbro|spa|2
|move|p1a: Attila|Body Slam|p2a: Slowbro
|-damage|p2a: Slowbro|290/393
|
|upkeep
|turn|5
|
|move|p2a: Slowbro|Psychic|p1a: Attila
|-damage|p1a: Attila|182/523
|-unboost|p1a: Attila|spd|1
|-unboost|p1a: Attila|spa|1
|move|p1a: Attila|Self-Destruct|p2a: Slowbro
|-damage|p2a: Slowbro|0 fnt
|faint|p2a: Slowbro
|faint|p1a: Attila
|
|switch|p2a: Chansey|Chansey|703/703
|switch|p1a: Zapdos|Zapdos|383/383
|turn|6
|
|move|p1a: Zapdos|Thunder Wave|p2a: Chansey
|-status|p2a: Chansey|par
|move|p2a: Chansey|Reflect|p2a: Chansey
|-start|p2a: Chansey|Reflect
|
|upkeep
|turn|7
|
|switch|p1a: Boum|Exeggutor|393/393
|move|p2a: Chansey|Ice Beam|p1a: Boum
|-supereffective|p1a: Boum
|-damage|p1a: Boum|252/393
|
|upkeep
|turn|8
|
|move|p1a: Boum|Psychic|p2a: Chansey
|-damage|p2a: Chansey|579/703 par
|move|p2a: Chansey|Ice Beam|p1a: Boum
|-supereffective|p1a: Boum
|-damage|p1a: Boum|120/393
|-status|p1a: Boum|frz
|
|upkeep
|turn|9
|
|switch|p1a: Ram|Alakazam|313/313
|cant|p2a: Chansey|par
|
|upkeep
|turn|10
|
|move|p1a: Ram|Psychic|p2a: Chansey
|-damage|p2a: Chansey|441/703 par
|move|p2a: Chansey|Ice Beam|p1a: Ram
|-damage|p1a: Ram|246/313
|
|upkeep
|turn|11
|
|move|p1a: Ram|Psychic|p2a: Chansey
|-crit|p2a: Chansey
|-damage|p2a: Chansey|209/703 par
|move|p2a: Chansey|Ice Beam|p1a: Ram
|-damage|p1a: Ram|181/313
|
|upkeep
|turn|12
|
|move|p1a: Ram|Recover|p1a: Ram
|-heal|p1a: Ram|313/313
|move|p2a: Chansey|Soft-Boiled|p2a: Chansey
|-heal|p2a: Chansey|560/703 par
|
|upkeep
|turn|13
|j| IceKingofOoo
|l| IceKingofOoo
|
|move|p1a: Ram|Psychic|p2a: Chansey
|-crit|p2a: Chansey
|-damage|p2a: Chansey|320/703 par
|move|p2a: Chansey|Soft-Boiled|p2a: Chansey
|-heal|p2a: Chansey|671/703 par
|
|upkeep
|turn|14
|
|switch|p2a: Starmie|Starmie|323/323 slp
|move|p1a: Ram|Psychic|p2a: Starmie
|-resisted|p2a: Starmie
|-damage|p2a: Starmie|262/323 slp
|-unboost|p2a: Starmie|spd|1
|-unboost|p2a: Starmie|spa|1
|
|upkeep
|turn|15
|
|switch|p2a: Zapdos|Zapdos|383/383
|move|p1a: Ram|Psychic|p2a: Zapdos
|-damage|p2a: Zapdos|272/383
|
|upkeep
|turn|16
|
|move|p1a: Ram|Thunder Wave|p2a: Zapdos
|-status|p2a: Zapdos|par
|move|p2a: Zapdos|Drill Peck|p1a: Ram
|-damage|p1a: Ram|185/313
|
|upkeep
|turn|17
|
|switch|p1a: Sonia|Jynx|221/333
|move|p2a: Zapdos|Drill Peck|p1a: Sonia
|-crit|p1a: Sonia
|-damage|p1a: Sonia|0 fnt
|faint|p1a: Sonia
|
|switch|p1a: Zapdos|Zapdos|383/383
|turn|18
|
|move|p1a: Zapdos|Thunderbolt|p2a: Zapdos
|-crit|p2a: Zapdos
|-damage|p2a: Zapdos|45/383 par
|move|p2a: Zapdos|Thunderbolt|p1a: Zapdos
|-damage|p1a: Zapdos|274/383
|
|upkeep
|turn|19
|
|move|p1a: Zapdos|Thunderbolt|p2a: Zapdos
|-damage|p2a: Zapdos|0 fnt
|faint|p2a: Zapdos
|
|switch|p2a: Tauros|Tauros|353/353
|turn|20
|
|move|p2a: Tauros|Ice Beam|p1a: Zapdos
|-supereffective|p1a: Zapdos
|-damage|p1a: Zapdos|173/383
|move|p1a: Zapdos|Thunder Wave|p2a: Tauros
|-status|p2a: Tauros|par
|
|upkeep
|turn|21
|
|move|p1a: Zapdos|Thunderbolt|p2a: Tauros
|-damage|p2a: Tauros|181/353 par
|cant|p2a: Tauros|par
|
|upkeep
|turn|22
|
|move|p1a: Zapdos|Thunderbolt|p2a: Tauros
|-damage|p2a: Tauros|18/353 par
|move|p2a: Tauros|Hyper Beam|p1a: Zapdos
|-damage|p1a: Zapdos|0 fnt
|faint|p1a: Zapdos
|
|switch|p1a: Ram|Alakazam|185/313
|turn|23
|
|move|p1a: Ram|Psychic|p2a: Tauros
|-crit|p2a: Tauros
|-damage|p2a: Tauros|0 fnt
|faint|p2a: Tauros
|
|switch|p2a: Snorlax|Snorlax|523/523
|turn|24
|
|move|p1a: Ram|Psychic|p2a: Snorlax
|-damage|p2a: Snorlax|355/523
|move|p2a: Snorlax|Body Slam|p1a: Ram
|-damage|p1a: Ram|29/313
|-status|p1a: Ram|par
|
|upkeep
|turn|25
|
|move|p2a: Snorlax|Body Slam|p1a: Ram
|-damage|p1a: Ram|0 fnt
|faint|p1a: Ram
|
|switch|p1a: Nasser|Tauros|353/353
|turn|26
|
|switch|p1a: Boum|Exeggutor|120/393 frz
|move|p2a: Snorlax|Self-Destruct|p1a: Boum
|-damage|p1a: Boum|0 fnt
|faint|p1a: Boum
|faint|p2a: Snorlax
|
|switch|p1a: Nasser|Tauros|353/353
|switch|p2a: Starmie|Starmie|262/323 slp
|turn|27
|
|-curestatus|p2a: Starmie|slp|[msg]
|move|p1a: Nasser|Body Slam|p2a: Starmie
|-damage|p2a: Starmie|147/323
|
|upkeep
|turn|28
|
|move|p2a: Starmie|Thunder Wave|p1a: Nasser
|-status|p1a: Nasser|par
|move|p1a: Nasser|Body Slam|p2a: Starmie
|-damage|p2a: Starmie|35/323
|
|upkeep
|turn|29
|
|move|p2a: Starmie|Surf|p1a: Nasser
|-damage|p1a: Nasser|202/353 par
|cant|p1a: Nasser|par
|
|upkeep
|turn|30
|
|move|p2a: Starmie|Surf|p1a: Nasser
|-damage|p1a: Nasser|69/353 par
|move|p1a: Nasser|Body Slam|p2a: Starmie
|-crit|p2a: Starmie
|-damage|p2a: Starmie|0 fnt
|faint|p2a: Starmie
|
|switch|p2a: Chansey|Chansey|671/703 par
|turn|31
|
|cant|p1a: Nasser|par
|move|p2a: Chansey|Ice Beam|p1a: Nasser
|-damage|p1a: Nasser|0 fnt
|faint|p1a: Nasser
|
|win|GhoulPsycho
|l|☆ramzi86
|c|☆GhoulPsycho|gg
