|j|☆SinnRay
|j|☆Devaung
|player|p1|SinnRay|59
|player|p2|Devaung|163
|teamsize|p1|6
|teamsize|p2|6
|gametype|singles
|gen|1
|tier|[Gen 1] OU
|rated|
|rule|Sleep Clause Mod: Limit one foe put to sleep
|rule|Freeze Clause Mod: Limit one foe frozen
|rule|Species Clause: Limit one of each Pokémon
|rule|OHKO Clause: OHKO moves are banned
|rule|Evasion Moves Clause: Evasion moves are banned
|rule|HP Percentage Mod: HP is shown in percentages
|
|start
|switch|p1a: Arcanine|Arcanine|383/383
|switch|p2a: Venusaur|Venusaur|363/363
|turn|1
|
|switch|p2a: Blastoise|Blastoise|361/361
|move|p1a: Arcanine|Reflect|p1a: Arcanine
|-start|p1a: Arcanine|Reflect
|
|upkeep
|turn|2
|
|move|p1a: Arcanine|Hyper Beam|p2a: Blastoise
|-damage|p2a: Blastoise|235/361
|-mustrecharge|p1a: Arcanine
|move|p2a: Blastoise|Hydro Pump|p1a: Arcanine
|-supereffective|p1a: Arcanine
|-damage|p1a: Arcanine|104/383
|
|upkeep
|turn|3
|
|cant|p1a: Arcanine|recharge
|move|p2a: Blastoise|Hydro Pump|p1a: Arcanine
|-supereffective|p1a: Arcanine
|-damage|p1a: Arcanine|0 fnt
|faint|p1a: Arcanine
|
|switch|p1a: Exeggutor|Exeggutor|393/393
|turn|4
|
|switch|p2a: Charizard|Charizard|359/359
|move|p1a: Exeggutor|Sleep Powder|p2a: Charizard
|-status|p2a: Charizard|slp|[from] move: Sleep Powder
|
|upkeep
|turn|5
|
|cant|p2a: Charizard|slp
|move|p1a: Exeggutor|Toxic|p2a: Charizard|[miss]
|-miss|p1a: Exeggutor
|
|upkeep
|turn|6
|
|cant|p2a: Charizard|slp
|move|p1a: Exeggutor|Psychic|p2a: Charizard
|-damage|p2a: Charizard|228/359 slp
|
|upkeep
|turn|7
|
|cant|p2a: Charizard|slp
|move|p1a: Exeggutor|Sleep Powder|p2a: Charizard
|-fail|p2a: Charizard|slp
|
|upkeep
|turn|8
|
|switch|p1a: Lapras|Lapras|463/463
|cant|p2a: Charizard|slp
|
|upkeep
|turn|9
|
|switch|p2a: Raichu|Raichu|323/323
|move|p1a: Lapras|Ice Beam|p2a: Raichu
|-damage|p2a: Raichu|204/323
|
|upkeep
|turn|10
|
|switch|p1a: Exeggutor|Exeggutor|393/393
|move|p2a: Raichu|Thunder|p1a: Exeggutor
|-resisted|p1a: Exeggutor
|-damage|p1a: Exeggutor|336/393
|
|upkeep
|turn|11
|
|switch|p2a: Charizard|Charizard|228/359 slp
|move|p1a: Exeggutor|Toxic|p2a: Charizard
|-fail|p2a: Charizard
|
|upkeep
|turn|12
|
|-curestatus|p2a: Charizard|slp|[msg]
|move|p1a: Exeggutor|Mega Drain|p2a: Charizard
|-resisted|p2a: Charizard
|-damage|p2a: Charizard|212/359
|-heal|p1a: Exeggutor|344/393|[from] drain|[of] p2a: Charizard
|
|upkeep
|turn|13
|
|switch|p1a: Lapras|Lapras|463/463
|move|p2a: Charizard|Flamethrower|p1a: Lapras
|-crit|p1a: Lapras
|-damage|p1a: Lapras|252/463
|
|upkeep
|turn|14
|
|switch|p2a: Raichu|Raichu|204/323
|move|p1a: Lapras|Thunderbolt|p2a: Raichu
|-resisted|p2a: Raichu
|-damage|p2a: Raichu|167/323
|
|upkeep
|turn|15
|
|switch|p1a: Gengar|Gengar|323/323
|move|p2a: Raichu|Quick Attack|p1a: Gengar
|-immune|p1a: Gengar
|
|upkeep
|turn|16
|
|switch|p2a: Dragonite|Dragonite|385/385
|move|p1a: Gengar|Confuse Ray|p2a: Dragonite
|-start|p2a: Dragonite|confusion
|
|upkeep
|turn|17
|
|move|p1a: Gengar|Thunderbolt|p2a: Dragonite
|-damage|p2a: Dragonite|293/385
|-activate|p2a: Dragonite|confusion
|-damage|p2a: Dragonite|249/385|[from] confusion
|
|upkeep
|turn|18
|
|move|p1a: Gengar|Thunderbolt|p2a: Dragonite
|-crit|p2a: Dragonite
|-damage|p2a: Dragonite|62/385
|-activate|p2a: Dragonite|confusion
|-damage|p2a: Dragonite|18/385|[from] confusion
|
|upkeep
|turn|19
|
|move|p1a: Gengar|Psychic|p2a: Dragonite
|-crit|p2a: Dragonite
|-damage|p2a: Dragonite|0 fnt
|faint|p2a: Dragonite
|
|switch|p2a: Raichu|Raichu|167/323
|turn|20
|
|move|p1a: Gengar|Confuse Ray|p2a: Raichu
|-start|p2a: Raichu|confusion
|-activate|p2a: Raichu|confusion
|move|p2a: Raichu|Thunder|p1a: Gengar
|-crit|p1a: Gengar
|-damage|p1a: Gengar|114/323
|
|upkeep
|turn|21
|
|switch|p1a: Exeggutor|Exeggutor|344/393
|-activate|p2a: Raichu|confusion
|move|p2a: Raichu|Thunder|p1a: Exeggutor
|-resisted|p1a: Exeggutor
|-damage|p1a: Exeggutor|292/393
|
|upkeep
|turn|22
|
|switch|p2a: Charizard|Charizard|212/359
|move|p1a: Exeggutor|Psychic|p2a: Charizard
|-damage|p2a: Charizard|72/359
|
|upkeep
|turn|23
|
|switch|p1a: Lapras|Lapras|252/463
|move|p2a: Charizard|Flamethrower|p1a: Lapras
|-damage|p1a: Lapras|143/463
|-status|p1a: Lapras|brn
|
|upkeep
|turn|24
|
|switch|p2a: Raichu|Raichu|167/323
|move|p1a: Lapras|Thunderbolt|p2a: Raichu
|-resisted|p2a: Raichu
|-damage|p2a: Raichu|129/323
|-damage|p1a: Lapras|115/463 brn|[from] brn|[of] p2a: Raichu
|
|upkeep
|turn|25
|
|switch|p1a: Exeggutor|Exeggutor|292/393
|move|p2a: Raichu|Thunder|p1a: Exeggutor
|-resisted|p1a: Exeggutor
|-damage|p1a: Exeggutor|241/393
|
|upkeep
|turn|26
|
|switch|p2a: Charizard|Charizard|72/359
|move|p1a: Exeggutor|Sleep Powder|p2a: Charizard|[miss]
|-miss|p1a: Exeggutor
|
|upkeep
|turn|27
|
|switch|p1a: Snorlax|Snorlax|523/523
|move|p2a: Charizard|Flamethrower|p1a: Snorlax
|-damage|p1a: Snorlax|385/523
|-status|p1a: Snorlax|brn
|
|upkeep
|turn|28
|
|move|p2a: Charizard|Seismic Toss|p1a: Snorlax
|-damage|p1a: Snorlax|285/523 brn
|move|p1a: Snorlax|Hyper Beam|p2a: Charizard|[miss]
|-miss|p1a: Snorlax
|-damage|p1a: Snorlax|253/523 brn|[from] brn|[of] p2a: Charizard
|
|upkeep
|turn|29
|
|move|p2a: Charizard|Seismic Toss|p1a: Snorlax
|-damage|p1a: Snorlax|153/523 brn
|move|p1a: Snorlax|Hyper Beam|p2a: Charizard
|-damage|p2a: Charizard|0 fnt
|faint|p2a: Charizard
|
|switch|p2a: Lapras|Lapras|463/463
|turn|30
|
|move|p2a: Lapras|Ice Beam|p1a: Snorlax
|-damage|p1a: Snorlax|5/523 brn
|move|p1a: Snorlax|Rest|p1a: Snorlax
|-status|p1a: Snorlax|slp|[from] move: Rest
|-heal|p1a: Snorlax|523/523 slp|[silent]
|
|upkeep
|turn|31
|
|move|p2a: Lapras|Ice Beam|p1a: Snorlax
|-crit|p1a: Snorlax
|-damage|p1a: Snorlax|237/523 slp
|cant|p1a: Snorlax|slp
|
|upkeep
|turn|32
|
|move|p2a: Lapras|Ice Beam|p1a: Snorlax
|-damage|p1a: Snorlax|105/523 slp
|-curestatus|p1a: Snorlax|slp|[msg]
|
|upkeep
|turn|33
|
|move|p2a: Lapras|Ice Beam|p1a: Snorlax
|-crit|p1a: Snorlax
|-damage|p1a: Snorlax|0 fnt
|faint|p1a: Snorlax
|
|switch|p1a: Exeggutor|Exeggutor|241/393
|turn|34
|
|move|p2a: Lapras|Ice Beam|p1a: Exeggutor
|-supereffective|p1a: Exeggutor
|-damage|p1a: Exeggutor|53/393
|move|p1a: Exeggutor|Sleep Powder|p2a: Lapras
|-status|p2a: Lapras|slp|[from] move: Sleep Powder
|
|upkeep
|turn|35
|
|-curestatus|p2a: Lapras|slp|[msg]
|move|p1a: Exeggutor|Mega Drain|p2a: Lapras
|-crit|p2a: Lapras
|-supereffective|p2a: Lapras
|-damage|p2a: Lapras|244/463
|-heal|p1a: Exeggutor|162/393|[from] drain|[of] p2a: Lapras
|
|upkeep
|turn|36
|
|move|p2a: Lapras|Ice Beam|p1a: Exeggutor
|-crit|p1a: Exeggutor
|-supereffective|p1a: Exeggutor
|-damage|p1a: Exeggutor|0 fnt
|faint|p1a: Exeggutor
|
|switch|p1a: Gengar|Gengar|114/323
|turn|37
|
|move|p1a: Gengar|Thunderbolt|p2a: Lapras
|-crit|p2a: Lapras
|-supereffective|p2a: Lapras
|-damage|p2a: Lapras|0 fnt
|faint|p2a: Lapras
|
|switch|p2a: Venusaur|Venusaur|363/363
|turn|38
|
|move|p1a: Gengar|Confuse Ray|p2a: Venusaur
|-start|p2a: Venusaur|confusion
|-activate|p2a: Venusaur|confusion
|move|p2a: Venusaur|Vine Whip|p1a: Gengar
|-resisted|p1a: Gengar
|-damage|p1a: Gengar|96/323
|
|upkeep
|turn|39
|
|move|p1a: Gengar|Psychic|p2a: Venusaur
|-supereffective|p2a: Venusaur
|-damage|p2a: Venusaur|184/363
|-activate|p2a: Venusaur|confusion
|move|p2a: Venusaur|Solar Beam||[still]
|-prepare|p2a: Venusaur|Solar Beam|p1a: Gengar
|
|upkeep
|turn|40
|
|move|p1a: Gengar|Psychic|p2a: Venusaur
|-supereffective|p2a: Venusaur
|-damage|p2a: Venusaur|7/363
|-activate|p2a: Venusaur|confusion
|move|p2a: Venusaur|Solar Beam|p1a: Gengar|[from]Solar Beam
|-resisted|p1a: Gengar
|-damage|p1a: Gengar|37/323
|
|upkeep
|turn|41
|
|move|p1a: Gengar|Night Shade|p2a: Venusaur
|-damage|p2a: Venusaur|0 fnt
|faint|p2a: Venusaur
|
|switch|p2a: Raichu|Raichu|129/323
|turn|42
|
|move|p1a: Gengar|Psychic|p2a: Raichu
|-crit|p2a: Raichu
|-damage|p2a: Raichu|0 fnt
|faint|p2a: Raichu
|
|switch|p2a: Blastoise|Blastoise|235/361
|turn|43
|
|move|p1a: Gengar|Thunderbolt|p2a: Blastoise
|-crit|p2a: Blastoise
|-supereffective|p2a: Blastoise
|-damage|p2a: Blastoise|0 fnt
|faint|p2a: Blastoise
|
|win|SinnRay
|c|☆SinnRay|gg
