|j|☆YAGHMA
|j|☆WizzardTheRaven23
|player|p1|YAGHMA|163
|player|p2|WizzardTheRaven23|153
|teamsize|p1|6
|teamsize|p2|6
|gametype|singles
|gen|1
|tier|[Gen 1] OU
|rated|
|rule|Sleep Clause Mod: Limit one foe put to sleep
|rule|Freeze Clause Mod: Limit one foe frozen
|rule|Species Clause: Limit one of each Pokémon
|rule|OHKO Clause: OHKO moves are banned
|rule|Evasion Moves Clause: Evasion moves are banned
|rule|HP Percentage Mod: HP is shown in percentages
|
|start
|switch|p1a: Snorlax|Snorlax|523/523
|switch|p2a: Exeggutor|Exeggutor|393/393
|turn|1
|inactive|Battle timer is ON: inactive players will automatically lose when time's up. (requested by YAGHMA)
|
|move|p2a: Exeggutor|Sleep Powder|p1a: Snorlax
|-status|p1a: Snorlax|slp|[from] move: Sleep Powder
|cant|p1a: Snorlax|slp
|
|upkeep
|turn|2
|
|switch|p2a: Blitzvogel|Zapdos|383/383
|switch|p1a: Exeggutor|Exeggutor|393/393
|
|upkeep
|turn|3
|
|move|p2a: Blitzvogel|Drill Peck|p1a: Exeggutor
|-supereffective|p1a: Exeggutor
|-damage|p1a: Exeggutor|186/393
|move|p1a: Exeggutor|Sleep Powder|p2a: Blitzvogel|[miss]
|-miss|p1a: Exeggutor
|
|upkeep
|turn|4
|
|switch|p1a: Alakazam|Alakazam|313/313
|move|p2a: Blitzvogel|Drill Peck|p1a: Alakazam
|-crit|p1a: Alakazam
|-damage|p1a: Alakazam|38/313
|
|upkeep
|turn|5
|
|move|p1a: Alakazam|Thunder Wave|p2a: Blitzvogel
|-status|p2a: Blitzvogel|par
|move|p2a: Blitzvogel|Drill Peck|p1a: Alakazam
|-damage|p1a: Alakazam|0 fnt
|faint|p1a: Alakazam
|
|switch|p1a: Exeggutor|Exeggutor|186/393
|turn|6
|
|move|p1a: Exeggutor|Explosion|p2a: Blitzvogel
|-damage|p2a: Blitzvogel|96/383 par
|faint|p1a: Exeggutor
|
|switch|p1a: Gyarados|Gyarados|393/393
|turn|7
|
|move|p1a: Gyarados|Blizzard|p2a: Blitzvogel
|-supereffective|p2a: Blitzvogel
|-damage|p2a: Blitzvogel|0 fnt
|faint|p2a: Blitzvogel
|
|switch|p2a: Stern|Starmie|323/323
|turn|8
|
|switch|p1a: Snorlax|Snorlax|523/523 slp
|move|p2a: Stern|Thunderbolt|p1a: Snorlax
|-damage|p1a: Snorlax|419/523 slp
|
|upkeep
|turn|9
|
|switch|p2a: Giitauros|Tauros|353/353
|cant|p1a: Snorlax|slp
|
|upkeep
|turn|10
|
|move|p2a: Giitauros|Body Slam|p1a: Snorlax
|-crit|p1a: Snorlax
|-damage|p1a: Snorlax|165/523 slp
|-curestatus|p1a: Snorlax|slp|[msg]
|
|upkeep
|turn|11
|
|switch|p1a: Gyarados|Gyarados|393/393
|move|p2a: Giitauros|Hyper Beam|p1a: Gyarados
|-crit|p1a: Gyarados
|-damage|p1a: Gyarados|0 fnt
|faint|p1a: Gyarados
|
|switch|p1a: Tauros|Tauros|353/353
|turn|12
|
|move|p1a: Tauros|Body Slam|p2a: Giitauros
|-damage|p2a: Giitauros|256/353
|move|p2a: Giitauros|Body Slam|p1a: Tauros
|-crit|p1a: Tauros
|-damage|p1a: Tauros|164/353
|
|upkeep
|turn|13
|j| Le Austin
|
|move|p1a: Tauros|Hyper Beam|p2a: Giitauros
|-crit|p2a: Giitauros
|-damage|p2a: Giitauros|0 fnt
|faint|p2a: Giitauros
|
|switch|p2a: Steiker|Alakazam|313/313
|turn|14
|
|move|p2a: Steiker|Psychic|p1a: Tauros
|-damage|p1a: Tauros|12/353
|move|p1a: Tauros|Hyper Beam|p2a: Steiker
|-crit|p2a: Steiker
|-damage|p2a: Steiker|0 fnt
|faint|p2a: Steiker
|
|switch|p2a: Stern|Starmie|323/323
|turn|15
|
|move|p2a: Stern|Surf|p1a: Tauros
|-crit|p1a: Tauros
|-damage|p1a: Tauros|0 fnt
|faint|p1a: Tauros
|
|switch|p1a: Snorlax|Snorlax|165/523
|turn|16
|
|move|p2a: Stern|Surf|p1a: Snorlax
|-damage|p1a: Snorlax|23/523
|move|p1a: Snorlax|Self-Destruct|p2a: Stern
|-damage|p2a: Stern|0 fnt
|faint|p2a: Stern
|faint|p1a: Snorlax
|
|switch|p2a: Snorlax|Snorlax|523/523
|switch|p1a: Dragonite|Dragonite|385/385
|turn|17
|
|move|p1a: Dragonite|Wrap|p2a: Snorlax
|-damage|p2a: Snorlax|502/523
|cant|p2a: Snorlax|partiallytrapped
|
|upkeep
|turn|18
|
|switch|p2a: Exeggutor|Exeggutor|393/393
|move|p1a: Dragonite|Wrap|p2a: Exeggutor|[miss]
|-miss|p1a: Dragonite
|
|upkeep
|turn|19
|
|move|p1a: Dragonite|Wrap|p2a: Exeggutor
|-damage|p2a: Exeggutor|377/393
|cant|p2a: Exeggutor|partiallytrapped
|
|upkeep
|turn|20
|
|switch|p2a: Snorlax|Snorlax|502/523
|move|p1a: Dragonite|Wrap|p2a: Snorlax
|-damage|p2a: Snorlax|482/523
|
|upkeep
|turn|21
|
|switch|p2a: Exeggutor|Exeggutor|377/393
|move|p1a: Dragonite|Wrap|p2a: Exeggutor|[miss]
|-miss|p1a: Dragonite
|
|upkeep
|turn|22
|
|move|p1a: Dragonite|Wrap|p2a: Exeggutor
|-damage|p2a: Exeggutor|360/393
|cant|p2a: Exeggutor|partiallytrapped
|
|upkeep
|turn|23
|
|switch|p2a: Snorlax|Snorlax|482/523
|move|p1a: Dragonite|Wrap|p2a: Snorlax
|-damage|p2a: Snorlax|461/523
|
|upkeep
|turn|24
|
|switch|p2a: Exeggutor|Exeggutor|360/393
|move|p1a: Dragonite|Wrap|p2a: Exeggutor
|-damage|p2a: Exeggutor|342/393
|
|upkeep
|turn|25
|
|switch|p2a: Snorlax|Snorlax|461/523
|move|p1a: Dragonite|Wrap|p2a: Snorlax
|-crit|p2a: Snorlax
|-damage|p2a: Snorlax|421/523
|
|upkeep
|turn|26
|
|switch|p2a: Exeggutor|Exeggutor|342/393
|move|p1a: Dragonite|Wrap|p2a: Exeggutor
|-crit|p2a: Exeggutor
|-damage|p2a: Exeggutor|312/393
|
|upkeep
|turn|27
|
|switch|p2a: Snorlax|Snorlax|421/523
|move|p1a: Dragonite|Wrap|p2a: Snorlax
|-damage|p2a: Snorlax|401/523
|
|upkeep
|turn|28
|
|switch|p2a: Exeggutor|Exeggutor|312/393
|move|p1a: Dragonite|Wrap|p2a: Exeggutor
|-damage|p2a: Exeggutor|294/393
|
|upkeep
|turn|29
|
|switch|p2a: Snorlax|Snorlax|401/523
|move|p1a: Dragonite|Wrap|p2a: Snorlax
|-damage|p2a: Snorlax|380/523
|
|upkeep
|turn|30
|
|switch|p2a: Exeggutor|Exeggutor|294/393
|move|p1a: Dragonite|Wrap|p2a: Exeggutor
|-damage|p2a: Exeggutor|277/393
|
|upkeep
|turn|31
|
|switch|p2a: Snorlax|Snorlax|380/523
|move|p1a: Dragonite|Wrap|p2a: Snorlax
|-damage|p2a: Snorlax|360/523
|
|upkeep
|turn|32
|
|move|p1a: Dragonite|Wrap|p2a: Snorlax|[from]Wrap
|-damage|p2a: Snorlax|340/523
|cant|p2a: Snorlax|partiallytrapped
|
|upkeep
|turn|33
|
|switch|p2a: Exeggutor|Exeggutor|277/393
|move|p1a: Dragonite|Wrap|p2a: Exeggutor
|-damage|p2a: Exeggutor|261/393
|
|upkeep
|turn|34
|
|switch|p2a: Snorlax|Snorlax|340/523
|move|p1a: Dragonite|Wrap|p2a: Snorlax
|-damage|p2a: Snorlax|320/523
|
|upkeep
|turn|35
|c|☆WizzardTheRaven23|So boring
|c|☆WizzardTheRaven23|Really boring
|
|switch|p2a: Exeggutor|Exeggutor|261/393
|move|p1a: Dragonite|Wrap|p2a: Exeggutor
|-damage|p2a: Exeggutor|242/393
|
|upkeep
|turn|36
|c|☆YAGHMA|Sorry man its all I have left. That zapdos in the start got me.
|
|switch|p2a: Snorlax|Snorlax|320/523
|move|p1a: Dragonite|Wrap|p2a: Snorlax
|-damage|p2a: Snorlax|301/523
|
|upkeep
|turn|37
|
|switch|p2a: Exeggutor|Exeggutor|242/393
|move|p1a: Dragonite|Wrap|p2a: Exeggutor
|-damage|p2a: Exeggutor|224/393
|
|upkeep
|turn|38
|
|switch|p2a: Snorlax|Snorlax|301/523
|move|p1a: Dragonite|Wrap|p2a: Snorlax
|-damage|p2a: Snorlax|281/523
|
|upkeep
|turn|39
|
|move|p1a: Dragonite|Wrap|p2a: Snorlax|[from]Wrap
|-damage|p2a: Snorlax|261/523
|cant|p2a: Snorlax|partiallytrapped
|
|upkeep
|turn|40
|
|switch|p2a: Exeggutor|Exeggutor|224/393
|move|p1a: Dragonite|Wrap|p2a: Exeggutor|[miss]
|-miss|p1a: Dragonite
|
|upkeep
|turn|41
|
|switch|p2a: Snorlax|Snorlax|261/523
|move|p1a: Dragonite|Wrap|p2a: Snorlax
|-damage|p2a: Snorlax|241/523
|
|upkeep
|turn|42
|
|switch|p2a: Exeggutor|Exeggutor|224/393
|move|p1a: Dragonite|Wrap|p2a: Exeggutor
|-damage|p2a: Exeggutor|206/393
|
|upkeep
|turn|43
|
|switch|p2a: Snorlax|Snorlax|241/523
|move|p1a: Dragonite|Wrap|p2a: Snorlax
|-damage|p2a: Snorlax|221/523
|
|upkeep
|turn|44
|
|switch|p2a: Exeggutor|Exeggutor|206/393
|move|p1a: Dragonite|Wrap|p2a: Exeggutor|[miss]
|-miss|p1a: Dragonite
|
|upkeep
|turn|45
|
|move|p1a: Dragonite|Wrap|p2a: Exeggutor
|-damage|p2a: Exeggutor|189/393
|cant|p2a: Exeggutor|partiallytrapped
|
|upkeep
|turn|46
|
|switch|p2a: Snorlax|Snorlax|221/523
|move|p1a: Dragonite|Wrap|p2a: Snorlax|[miss]
|-miss|p1a: Dragonite
|
|upkeep
|turn|47
|
|switch|p2a: Exeggutor|Exeggutor|189/393
|move|p1a: Dragonite|Wrap|p2a: Exeggutor
|-damage|p2a: Exeggutor|172/393
|
|upkeep
|turn|48
|
|switch|p2a: Snorlax|Snorlax|221/523
|move|p1a: Dragonite|Wrap|p2a: Snorlax
|-damage|p2a: Snorlax|202/523
|
|upkeep
|turn|49
|
|switch|p2a: Exeggutor|Exeggutor|172/393
|move|p1a: Dragonite|Wrap|p2a: Exeggutor
|-damage|p2a: Exeggutor|154/393
|
|upkeep
|turn|50
|
|switch|p2a: Snorlax|Snorlax|202/523
|move|p1a: Dragonite|Wrap|p2a: Snorlax|[miss]
|-miss|p1a: Dragonite
|
|upkeep
|turn|51
|
|move|p1a: Dragonite|Blizzard|p2a: Snorlax
|-damage|p2a: Snorlax|89/523
|move|p2a: Snorlax|Body Slam|p1a: Dragonite
|-damage|p1a: Dragonite|278/385
|-status|p1a: Dragonite|par
|
|upkeep
|turn|52
|
|move|p2a: Snorlax|Self-Destruct|p1a: Dragonite
|-damage|p1a: Dragonite|0 fnt
|faint|p1a: Dragonite
|faint|p2a: Snorlax
|
|win|WizzardTheRaven23
|l|☆YAGHMA
|c|☆WizzardTheRaven23|Gggggggg
|c|☆WizzardTheRaven23|Uuuuuu
|c| Le Austin|☆YAGHMA left.
|c|☆WizzardTheRaven23|Good for him
|c|☆WizzardTheRaven23|Bored me
||Ladder (probably) updated, but score could not be retrieved (Response not received).
