|j|☆Lvavdv the stup
|j|☆Gen1Cancer1
|player|p1|Lvavdv the stup|265
|player|p2|Gen1Cancer1|lance-gen1
|teamsize|p1|6
|teamsize|p2|6
|gametype|singles
|gen|1
|tier|[Gen 1] OU
|rated|
|rule|Sleep Clause Mod: Limit one foe put to sleep
|rule|Freeze Clause Mod: Limit one foe frozen
|rule|Species Clause: Limit one of each Pokémon
|rule|OHKO Clause: OHKO moves are banned
|rule|Evasion Moves Clause: Evasion moves are banned
|rule|HP Percentage Mod: HP is shown in percentages
|
|start
|switch|p1a: Rhydon|Rhydon|413/413
|switch|p2a: Alakazam|Alakazam|313/313
|turn|1
|
|switch|p2a: Exeggutor|Exeggutor|393/393
|move|p1a: Rhydon|Earthquake|p2a: Exeggutor
|-resisted|p2a: Exeggutor
|-damage|p2a: Exeggutor|316/393
|
|upkeep
|turn|2
|
|move|p2a: Exeggutor|Stun Spore|p1a: Rhydon
|-status|p1a: Rhydon|par
|move|p1a: Rhydon|Rock Slide|p2a: Exeggutor
|-damage|p2a: Exeggutor|203/393
|
|upkeep
|turn|3
|
|move|p2a: Exeggutor|Psychic|p1a: Rhydon
|-crit|p1a: Rhydon
|-damage|p1a: Rhydon|48/413 par
|move|p1a: Rhydon|Hyper Beam|p2a: Exeggutor
|-damage|p2a: Exeggutor|36/393
|-mustrecharge|p1a: Rhydon
|
|upkeep
|turn|4
|
|move|p2a: Exeggutor|Psychic|p1a: Rhydon
|-damage|p1a: Rhydon|0 fnt
|faint|p1a: Rhydon
|
|switch|p1a: Snorlax|Snorlax|523/523
|turn|5
|
|move|p2a: Exeggutor|Sleep Powder|p1a: Snorlax|[miss]
|-miss|p2a: Exeggutor
|move|p1a: Snorlax|Hyper Beam|p2a: Exeggutor
|-crit|p2a: Exeggutor
|-damage|p2a: Exeggutor|0 fnt
|faint|p2a: Exeggutor
|
|switch|p2a: Moltres|Moltres|383/383
|turn|6
|
|move|p2a: Moltres|Fire Spin|p1a: Snorlax|[miss]
|-miss|p2a: Moltres
|move|p1a: Snorlax|Hyper Beam|p2a: Moltres
|-damage|p2a: Moltres|190/383
|-mustrecharge|p1a: Snorlax
|
|upkeep
|turn|7
|
|move|p2a: Moltres|Reflect|p2a: Moltres
|-start|p2a: Moltres|Reflect
|cant|p1a: Snorlax|recharge
|
|upkeep
|turn|8
|
|move|p2a: Moltres|Fire Spin|p1a: Snorlax
|-damage|p1a: Snorlax|492/523
|cant|p1a: Snorlax|partiallytrapped
|
|upkeep
|turn|9
|
|move|p2a: Moltres|Fire Spin|p1a: Snorlax|[from]Fire Spin
|-damage|p1a: Snorlax|461/523
|cant|p1a: Snorlax|partiallytrapped
|
|upkeep
|turn|10
|
|move|p2a: Moltres|Fire Spin|p1a: Snorlax|[miss]
|-miss|p2a: Moltres
|move|p1a: Snorlax|Hyper Beam|p2a: Moltres
|-damage|p2a: Moltres|98/383
|-mustrecharge|p1a: Snorlax
|
|upkeep
|turn|11
|
|move|p2a: Moltres|Fire Blast|p1a: Snorlax
|-damage|p1a: Snorlax|231/523
|-status|p1a: Snorlax|brn
|cant|p1a: Snorlax|recharge
|-damage|p1a: Snorlax|199/523 brn|[from] brn|[of] p2a: Moltres
|
|upkeep
|turn|12
|
|move|p2a: Moltres|Fire Blast|p1a: Snorlax
|-damage|p1a: Snorlax|0 fnt
|faint|p1a: Snorlax
|
|switch|p1a: Gengar|Gengar|323/323
|turn|13
|
|switch|p2a: Alakazam|Alakazam|313/313
|move|p1a: Gengar|Psychic|p2a: Alakazam
|-resisted|p2a: Alakazam
|-damage|p2a: Alakazam|277/313
|
|upkeep
|turn|14
|
|move|p2a: Alakazam|Thunder Wave|p1a: Gengar
|-status|p1a: Gengar|par
|move|p1a: Gengar|Thunderbolt|p2a: Alakazam
|-damage|p2a: Alakazam|204/313
|
|upkeep
|turn|15
|
|move|p2a: Alakazam|Psychic|p1a: Gengar
|-supereffective|p1a: Gengar
|-damage|p1a: Gengar|115/323 par
|move|p1a: Gengar|Thunderbolt|p2a: Alakazam
|-crit|p2a: Alakazam
|-damage|p2a: Alakazam|63/313
|
|upkeep
|turn|16
|
|move|p2a: Alakazam|Psychic|p1a: Gengar
|-supereffective|p1a: Gengar
|-damage|p1a: Gengar|0 fnt
|faint|p1a: Gengar
|
|switch|p1a: Exeggutor|Exeggutor|393/393
|turn|17
|
|move|p2a: Alakazam|Recover|p2a: Alakazam
|-heal|p2a: Alakazam|219/313
|move|p1a: Exeggutor|Mega Drain|p2a: Alakazam
|-damage|p2a: Alakazam|174/313
|
|upkeep
|turn|18
|
|move|p2a: Alakazam|Thunder Wave|p1a: Exeggutor
|-status|p1a: Exeggutor|par
|move|p1a: Exeggutor|Mega Drain|p2a: Alakazam
|-damage|p2a: Alakazam|127/313
|
|upkeep
|turn|19
|
|move|p2a: Alakazam|Recover|p2a: Alakazam
|-heal|p2a: Alakazam|283/313
|move|p1a: Exeggutor|Mega Drain|p2a: Alakazam
|-damage|p2a: Alakazam|238/313
|
|upkeep
|turn|20
|
|switch|p1a: Zapdos|Zapdos|383/383
|move|p2a: Alakazam|Seismic Toss|p1a: Zapdos
|-damage|p1a: Zapdos|283/383
|
|upkeep
|turn|21
|
|move|p2a: Alakazam|Thunder Wave|p1a: Zapdos
|-status|p1a: Zapdos|par
|move|p1a: Zapdos|Drill Peck|p2a: Alakazam
|-damage|p2a: Alakazam|106/313
|
|upkeep
|turn|22
|
|switch|p2a: Tauros|Tauros|353/353
|cant|p1a: Zapdos|par
|
|upkeep
|turn|23
|
|move|p2a: Tauros|Body Slam|p1a: Zapdos
|-damage|p1a: Zapdos|179/383 par
|cant|p1a: Zapdos|par
|
|upkeep
|turn|24
|
|move|p2a: Tauros|Hyper Beam|p1a: Zapdos
|-damage|p1a: Zapdos|0 fnt
|faint|p1a: Zapdos
|
|switch|p1a: Exeggutor|Exeggutor|393/393 par
|turn|25
|
|move|p2a: Tauros|Blizzard|p1a: Exeggutor
|-crit|p1a: Exeggutor
|-supereffective|p1a: Exeggutor
|-damage|p1a: Exeggutor|143/393 par
|move|p1a: Exeggutor|Hyper Beam|p2a: Tauros
|-damage|p2a: Tauros|232/353
|-mustrecharge|p1a: Exeggutor
|
|upkeep
|turn|26
|
|move|p2a: Tauros|Hyper Beam|p1a: Exeggutor
|-damage|p1a: Exeggutor|0 fnt
|faint|p1a: Exeggutor
|
|switch|p1a: Alakazam|Alakazam|313/313
|turn|27
|
|move|p1a: Alakazam|Psychic|p2a: Tauros
|-damage|p2a: Tauros|73/353
|-unboost|p2a: Tauros|spd|1
|-unboost|p2a: Tauros|spa|1
|move|p2a: Tauros|Body Slam|p1a: Alakazam
|-damage|p1a: Alakazam|165/313
|-status|p1a: Alakazam|par
|
|upkeep
|turn|28
|
|move|p2a: Tauros|Hyper Beam|p1a: Alakazam
|-damage|p1a: Alakazam|0 fnt
|faint|p1a: Alakazam
|
|win|Gen1Cancer1
|raw|Lvavdv the stup's rating: 1000 &rarr; <strong>1000</strong><br />(+0 for losing)
|raw|Gen1Cancer1's rating: 1261 &rarr; <strong>1270</strong><br />(+9 for winning)
