|j|☆Extrabyte11
|j|☆Anything420
|player|p1|Extrabyte11|61
|player|p2|Anything420|53
|teamsize|p1|6
|teamsize|p2|6
|gametype|singles
|gen|1
|tier|[Gen 1] OU
|rated|
|rule|Sleep Clause Mod: Limit one foe put to sleep
|rule|Freeze Clause Mod: Limit one foe frozen
|rule|Species Clause: Limit one of each Pokémon
|rule|OHKO Clause: OHKO moves are banned
|rule|Evasion Moves Clause: Evasion moves are banned
|rule|HP Percentage Mod: HP is shown in percentages
|
|start
|switch|p1a: Tauros|Tauros|353/353
|switch|p2a: Exeggutor|Exeggutor|393/393
|turn|1
|
|switch|p1a: Zapdos|Zapdos|383/383
|move|p2a: Exeggutor|Stun Spore|p1a: Zapdos
|-status|p1a: Zapdos|par
|
|upkeep
|turn|2
|
|switch|p2a: Gengar|Gengar|323/323
|move|p1a: Zapdos|Agility|p1a: Zapdos
|-boost|p1a: Zapdos|spe|2
|
|upkeep
|turn|3
|
|move|p1a: Zapdos|Thunderbolt|p2a: Gengar
|-damage|p2a: Gengar|219/323
|move|p2a: Gengar|Confuse Ray|p1a: Zapdos
|-start|p1a: Zapdos|confusion
|
|upkeep
|turn|4
|
|-activate|p1a: Zapdos|confusion
|move|p1a: Zapdos|Thunderbolt|p2a: Gengar
|-damage|p2a: Gengar|114/323
|move|p2a: Gengar|Psychic|p1a: Zapdos
|-damage|p1a: Zapdos|314/383 par
|-unboost|p1a: Zapdos|spd|1
|-unboost|p1a: Zapdos|spa|1
|
|upkeep
|turn|5
|
|move|p2a: Gengar|Psychic|p1a: Zapdos
|-damage|p1a: Zapdos|212/383 par
|-activate|p1a: Zapdos|confusion
|move|p1a: Zapdos|Hyper Beam|p2a: Gengar
|-immune|p2a: Gengar
|
|upkeep
|turn|6
|
|switch|p1a: Cloyster|Cloyster|303/303
|move|p2a: Gengar|Psychic|p1a: Cloyster
|-crit|p1a: Cloyster
|-damage|p1a: Cloyster|123/303
|
|upkeep
|turn|7
|
|move|p2a: Gengar|Thunderbolt|p1a: Cloyster
|-supereffective|p1a: Cloyster
|-damage|p1a: Cloyster|0 fnt
|faint|p1a: Cloyster
|
|switch|p1a: Tauros|Tauros|353/353
|turn|8
|
|switch|p2a: Articuno|Articuno|383/383
|move|p1a: Tauros|Earthquake|p2a: Articuno
|-immune|p2a: Articuno
|
|upkeep
|turn|9
|
|move|p1a: Tauros|Hyper Beam|p2a: Articuno
|-damage|p2a: Articuno|208/383
|-mustrecharge|p1a: Tauros
|move|p2a: Articuno|Blizzard|p1a: Tauros
|-damage|p1a: Tauros|137/353
|
|upkeep
|turn|10
|
|cant|p1a: Tauros|recharge
|move|p2a: Articuno|Blizzard|p1a: Tauros
|-damage|p1a: Tauros|0 fnt
|faint|p1a: Tauros
|c|☆Extrabyte11|Christ, I forgot how broken blizzard is in this gen
|
|switch|p1a: Snorlax|Snorlax|523/523
|turn|11
|
|move|p2a: Articuno|Blizzard|p1a: Snorlax
|-crit|p1a: Snorlax
|-damage|p1a: Snorlax|129/523
|move|p1a: Snorlax|Fire Blast|p2a: Articuno
|-supereffective|p2a: Articuno
|-damage|p2a: Articuno|84/383
|-status|p2a: Articuno|brn
|
|upkeep
|turn|12
|
|move|p2a: Articuno|Blizzard|p1a: Snorlax
|-damage|p1a: Snorlax|0 fnt
|faint|p1a: Snorlax
|-message|Extrabyte11 forfeited.
|
|win|Anything420
|l|☆Extrabyte11
